@book{du2010,
  author        = {Du, Hongbo},
  year          = {2010},
  month         = {05},
  pages         = {336},
  title         = {Data Mining Techniques and Applications: An Introduction},
  publisher     = {Cengage Learning EMEA},
  isbn          = {978-1844808915}
}
@book{geron2017,
  author        = {Ge\'ron, Aure\'lien},
  isbn          = {978-1491962299},
  publisher     = {O'Reilly Media},
  edition       = 2,
  title         = {Hands-on machine learning with Scikit-Learn and TensorFlow : concepts, tools, and techniques to build intelligent systems},
  year          = 2017
}
@book{cleveland1993,
  title         = {Visualizing Data},
  author        = {Cleveland, William S.},
  year          = 1993,
  publisher     = {Hobart Press, Summit, New Jersey},
  isbn          = {978-0963488404},
  keywords      = {data}
}
@book{dasu2003,
  title         = {Exploratory Data Mining and Data Cleaning},
  author        = {Tamraparni Dasu and Theodore Johnson},
  year          = 2003,
  publisher     = {John Wiley},
  isbn          = {0-471-26851-8},
  timestamp     = {Tue, 24 Jun 2003 08:48:42 +0200},
  biburl        = {https://dblp.org/rec/books/wi/DasuJ03.bib},
  bibsource     = {dblp computer science bibliography, https://dblp.org},
  keywords      = {data, introduction}
}
@book{fayyad2001,
  title         = {Information Visualization in Data Mining and Knowledge Discovery},
  year          = 2001,
  publisher     = {Morgan Kaufmann},
  isbn          = {1-55860-689-0},
  url           = {http://www.mkp.com/books\_catalog/catalog.asp?ISBN=1-55860-689-0},
  editor        = {Usama M. Fayyad and Georges G. Grinstein and Andreas Wierse},
  timestamp     = {Wed, 10 Jul 2019 10:47:06 +0200},
  biburl        = {https://dblp.org/rec/books/mk/FayyadGW2001.bib},
  bibsource     = {dblp computer science bibliography, https://dblp.org},
  keywords      = {data, introduction, preprocessing}
}
@book{kaufman1990,
  title         = {Finding Groups in Data: An Introduction to Cluster Analysis},
  author        = {Leonard Kaufman and Peter J. Rousseeuw},
  year          = 1990,
  publisher     = {John Wiley},
  doi           = {10.1002/9780470316801},
  isbn          = {978-0-47187876-6},
  keywords      = {data, cluster}
}
@periodical{dataReductionIssue1997,
  title         = {Special Issue on Data Reduction Techniques},
  year          = 1997,
  volume        = 20,
  number        = 4,
  url           = {http://sites.computer.org/debull/97DEC-CD.pdf},
  editor        = {Lomet, David and Hellerstein, Joseph M.},
  issuetitle    = {Bulletin of the Technical Committee on Data Engineering},
  keywords      = {data}
}
@article{keim2002,
  title         = {Information Visualization and Visual Data Mining},
  author        = {Daniel A. Keim},
  year          = 2002,
  journal       = {{IEEE} Trans. Vis. Comput. Graph.},
  volume        = 8,
  number        = 1,
  pages         = {1--8},
  doi           = {10.1109/2945.981847},
  url           = {https://doi.org/10.1109/2945.981847},
  timestamp     = {Sun, 28 May 2017 13:18:26 +0200},
  biburl        = {https://dblp.org/rec/journals/tvcg/Keim02.bib},
  bibsource     = {dblp computer science bibliography, https://dblp.org},
  keywords      = {data}
}
@article{naumann2013,
  title         = {Data profiling revisited},
  author        = {Felix Naumann},
  year          = 2013,
  journal       = {{SIGMOD} Rec.},
  volume        = 42,
  number        = 4,
  pages         = {40--49},
  doi           = {10.1145/2590989.2590995},
  url           = {https://doi.org/10.1145/2590989.2590995},
  timestamp     = {Fri, 06 Mar 2020 21:55:43 +0100},
  biburl        = {https://dblp.org/rec/journals/sigmod/Naumann13.bib},
  bibsource     = {dblp computer science bibliography, https://dblp.org},
  keywords      = {data}
}
@book{pyle1999,
  title         = {Data Preparation for Data Mining},
  author        = {Dorian Pyle},
  year          = 1999,
  publisher     = {Morgan Kaufmann},
  isbn          = {1-55860-529-0},
  timestamp     = {Mon, 28 Jan 2002 16:00:14 +0100},
  biburl        = {https://dblp.org/rec/books/mk/Pyle99.bib},
  bibsource     = {dblp computer science bibliography, https://dblp.org},
  keywords      = {data, preprocessing}
}
@article{santini1999,
  title         = {Similarity Measures},
  author        = {Simone Santini and Ramesh C. Jain},
  year          = 1999,
  journal       = {{IEEE} Trans. Pattern Anal. Mach. Intell.},
  volume        = 21,
  number        = 9,
  pages         = {871--883},
  doi           = {10.1109/34.790428},
  url           = {https://doi.org/10.1109/34.790428},
  timestamp     = {Wed, 17 May 2017 10:56:23 +0200},
  biburl        = {https://dblp.org/rec/journals/pami/SantiniJ99.bib},
  bibsource     = {dblp computer science bibliography, https://dblp.org},
  keywords      = {data}
}
@book{tufte2001,
  title         = {The visual display of quantitative information},
  author        = {Edward Rolf Tufte},
  year          = 2001,
  publisher     = {Graphics Press},
  isbn          = {978-0-9613921-4-7},
  note          = {2nd edition},
  keywords      = {data}
}
@article{yu2009,
  title         = {Visual data mining of multimedia data for social and behavioral studies},
  author        = {Chen Yu and Yiwen Zhong and Thomas Smith and Ikhyun Park and Weixia Huang},
  year          = 2009,
  journal       = {Inf. Vis.},
  volume        = 8,
  number        = 1,
  pages         = {56--70},
  doi           = {10.1057/ivs.2008.32},
  url           = {https://doi.org/10.1057/ivs.2008.32},
  timestamp     = {Thu, 11 Nov 2021 14:44:45 +0100},
  biburl        = {https://dblp.org/rec/journals/ivs/YuZSPH09.bib},
  bibsource     = {dblp computer science bibliography, https://dblp.org},
  keywords      = {data}
}
@inproceedings{agarwal1996,
  title         = {On the Computation of Multidimensional Aggregates},
  author        = {Sameet Agarwal and Rakesh Agrawal and Prasad Deshpande and Ashish Gupta and Jeffrey F. Naughton and Raghu Ramakrishnan and Sunita Sarawagi},
  year          = 1996,
  booktitle     = {VLDB'96, Proceedings of 22th International Conference on Very Large Data Bases, September 3-6, 1996, Mumbai (Bombay), India},
  pages         = {506--521},
  url           = {http://www.vldb.org/conf/1996/P506.PDF},
  crossref      = {DBLP:conf/vldb/96},
  timestamp     = {Tue, 07 Nov 2017 16:24:37 +0100},
  biburl        = {https://dblp.org/rec/conf/vldb/AgarwalADGNRS96.bib},
  bibsource     = {dblp computer science bibliography, https://dblp.org},
  keywords      = {OLAP}
}
@article{agrawald1997,
  title         = {Efficient view maintenance at data warehouses},
  author        = {Agrawal, D. and El Abbadi, A. and Singh, A. and Yurek, T.},
  year          = 1997,
  journal       = {Proceedings of the 1997 ACM SIGMOD international conference on Management of data - SIGMOD '97},
  publisher     = {ACM Press},
  doi           = {10.1145/253260.253355},
  url           = {http://dx.doi.org/10.1145/253260.253355},
  keywords      = {OLAP}
}
@inproceedings{agrawalr1997,
  title         = {Modeling Multidimensional Databases},
  author        = {Rakesh Agrawal and Ashish Gupta and Sunita Sarawagi},
  year          = 1997,
  booktitle     = {Proceedings of the Thirteenth International Conference on Data Engineering, April 7-11, 1997, Birmingham, {UK}},
  pages         = {232--243},
  doi           = {10.1109/ICDE.1997.581777},
  url           = {https://doi.org/10.1109/ICDE.1997.581777},
  crossref      = {DBLP:conf/icde/97},
  timestamp     = {Wed, 16 Oct 2019 14:14:56 +0200},
  biburl        = {https://dblp.org/rec/conf/icde/AgrawalGS97.bib},
  bibsource     = {dblp computer science bibliography, https://dblp.org},
  keywords      = {OLAP}
}
@proceedings{DBLP:conf/icde/97,
  title         = {Proceedings of the Thirteenth International Conference on Data Engineering, April 7-11, 1997, Birmingham, {UK}},
  year          = 1997,
  publisher     = {{IEEE} Computer Society},
  isbn          = {0-8186-7807-0},
  url           = {https://ieeexplore.ieee.org/xpl/conhome/4453/proceeding},
  editor        = {W. A. Gray and Per{-}{\AA}ke Larson},
  timestamp     = {Fri, 19 Nov 2021 10:03:56 +0100},
  biburl        = {https://dblp.org/rec/conf/icde/97.bib},
  bibsource     = {dblp computer science bibliography, https://dblp.org}
}
@book{gupta1999,
  title         = {Materialized Views: Techniques, Implementations, and Applications},
  author        = {Gupta, Ashish and Mumick, Inderpal Singh},
  year          = 1999,
  month         = 5,
  publisher     = {The MIT Press},
  doi           = {10.7551/mitpress/4472.001.0001},
  isbn          = 9780262287500,
  url           = {https://doi.org/10.7551/mitpress/4472.001.0001},
  keywords      = {OLAP}
}
@article{chaudhuri1997,
  title         = {An Overview of Data Warehousing and {OLAP} Technology},
  author        = {Surajit Chaudhuri and Umeshwar Dayal},
  year          = 1997,
  journal       = {{SIGMOD} Rec.},
  volume        = 26,
  number        = 1,
  pages         = {65--74},
  doi           = {10.1145/248603.248616},
  url           = {https://doi.org/10.1145/248603.248616},
  timestamp     = {Fri, 06 Mar 2020 21:55:51 +0100},
  biburl        = {https://dblp.org/rec/journals/sigmod/ChaudhuriD97.bib},
  bibsource     = {dblp computer science bibliography, https://dblp.org},
  keywords      = {OLAP}
}
@article{codd1993,
  title         = {Beyond Decision Support},
  author        = {E. F. Codd and S. B. Codd and C. T. Salley},
  year          = 1993,
  journal       = {Computer World},
  volume        = 27,
  number        = 30,
  pages         = {87--89},
  keywords      = {OLAP}
}
@article{gray1997,
  title         = {Data Cube: {A} Relational Aggregation Operator Generalizing Group-by, Cross-Tab, and Sub Totals},
  author        = {Jim Gray and Surajit Chaudhuri and Adam Bosworth and Andrew Layman and Don Reichart and Murali Venkatrao and Frank Pellow and Hamid Pirahesh},
  year          = 1997,
  journal       = {Data Min. Knowl. Discov.},
  volume        = 1,
  number        = 1,
  pages         = {29--53},
  doi           = {10.1023/A:1009726021843},
  url           = {https://doi.org/10.1023/A:1009726021843},
  timestamp     = {Sun, 02 Jun 2019 21:01:25 +0200},
  biburl        = {https://dblp.org/rec/journals/datamine/GrayCBLRVPP97.bib},
  bibsource     = {dblp computer science bibliography, https://dblp.org},
  keywords      = {OLAP}
}
@article{han1998,
  title         = {Towards On-Line Analytical Mining in Large Databases},
  author        = {Jiawei Han},
  year          = 1998,
  journal       = {{SIGMOD} Rec.},
  volume        = 27,
  number        = 1,
  pages         = {97--107},
  doi           = {10.1145/273244.273273},
  url           = {https://doi.org/10.1145/273244.273273},
  timestamp     = {Fri, 06 Mar 2020 21:56:27 +0100},
  biburl        = {https://dblp.org/rec/journals/sigmod/Han98.bib},
  bibsource     = {dblp computer science bibliography, https://dblp.org},
  keywords      = {OLAP}
}
@inproceedings{harinarayan1996,
  title         = {Implementing Data Cubes Efficiently},
  author        = {Venky Harinarayan and Anand Rajaraman and Jeffrey D. Ullman},
  year          = 1996,
  booktitle     = {Proceedings of the 1996 {ACM} {SIGMOD} International Conference on Management of Data, Montreal, Quebec, Canada, June 4-6, 1996},
  pages         = {205--216},
  doi           = {10.1145/233269.233333},
  url           = {https://doi.org/10.1145/233269.233333},
  crossref      = {DBLP:conf/sigmod/96},
  timestamp     = {Mon, 21 Jun 2021 16:00:48 +0200},
  biburl        = {https://dblp.org/rec/conf/sigmod/HarinarayanRU96.bib},
  bibsource     = {dblp computer science bibliography, https://dblp.org},
  keywords      = {OLAP}
}
@proceedings{DBLP:conf/sigmod/96,
  title         = {Proceedings of the 1996 {ACM} {SIGMOD} International Conference on Management of Data, Montreal, Quebec, Canada, June 4-6, 1996},
  year          = 1996,
  publisher     = {{ACM} Press},
  doi           = {10.1145/233269},
  isbn          = {978-0-89791-794-0},
  url           = {https://doi.org/10.1145/233269},
  editor        = {H. V. Jagadish and Inderpal Singh Mumick},
  timestamp     = {Fri, 19 Nov 2021 10:21:48 +0100},
  biburl        = {https://dblp.org/rec/conf/sigmod/96.bib},
  bibsource     = {dblp computer science bibliography, https://dblp.org}
}
@inproceedings{hellerstein1997,
  title         = {Online Aggregation},
  author        = {Joseph M. Hellerstein and Peter J. Haas and Helen J. Wang},
  year          = 1997,
  booktitle     = {{SIGMOD} 1997, Proceedings {ACM} {SIGMOD} International Conference on Management of Data, May 13-15, 1997, Tucson, Arizona, {USA}},
  pages         = {171--182},
  doi           = {10.1145/253260.253291},
  url           = {https://doi.org/10.1145/253260.253291},
  crossref      = {DBLP:conf/sigmod/97},
  timestamp     = {Sat, 31 Jul 2021 17:22:21 +0200},
  biburl        = {https://dblp.org/rec/conf/sigmod/HellersteinHW97.bib},
  bibsource     = {dblp computer science bibliography, https://dblp.org},
  keywords      = {OLAP}
}
@book{imhoff2003,
  title         = {Mastering Data Warehouse Design: Relational and Dimensional Techniques},
  author        = {Imhoff, C. and Galemmo, N. and Geiger, J.G.},
  year          = 2003,
  publisher     = {Wiley},
  isbn          = {978-0-47132-421-8},
  lccn          = 2003010879,
  keywords      = {OLAP}
}
@book{inmon2005,
  title         = {Building the Data Warehouse},
  author        = {Inmon, William H.},
  year          = 2005,
  publisher     = {Wiley},
  isbn          = {978-076459-944-6},
  note          = {4th edition},
  keywords      = {OLAP}
}
@book{kimball2013,
  title         = {The Data Warehouse Toolkit: The Definitive Guide to Dimensional Modeling},
  author        = {Kimball, Ralph, and Ross, Margy},
  year          = 2013,
  publisher     = {Wiley},
  isbn          = {978-1-118-53080-1},
  note          = {3rd edition},
  keywords      = {OLAP}
}
@book{kimball2004,
  title         = {The Data Warehouse {ETL} Toolkit: Practical Techniques for Extracting, Cleaning, Conforming, and Delivering Data},
  author        = {Kimball, Ralph, and Caserta, Joe},
  year          = 2004,
  publisher     = {Wiley},
  isbn          = {978-0764567575},
  keywords      = {OLAP}
}
@article{oneil1995,
  title         = {Multi-Table Joins Through Bitmapped Join Indices},
  author        = {Patrick E. O'Neil and Goetz Graefe},
  year          = 1995,
  journal       = {{SIGMOD} Rec.},
  volume        = 24,
  number        = 3,
  pages         = {8--11},
  doi           = {10.1145/211990.212001},
  url           = {https://doi.org/10.1145/211990.212001},
  timestamp     = {Fri, 06 Mar 2020 21:55:45 +0100},
  biburl        = {https://dblp.org/rec/journals/sigmod/ONeilG95.bib},
  bibsource     = {dblp computer science bibliography, https://dblp.org},
  keywords      = {OLAP}
}
@inproceedings{oneil1997,
  title         = {Improved Query Performance with Variant Indexes},
  author        = {Patrick E. O'Neil and Dallan Quass},
  year          = 1997,
  booktitle     = {{SIGMOD} 1997, Proceedings {ACM} {SIGMOD} International Conference on Management of Data, May 13-15, 1997, Tucson, Arizona, {USA}},
  pages         = {38--49},
  doi           = {10.1145/253260.253268},
  url           = {https://doi.org/10.1145/253260.253268},
  crossref      = {DBLP:conf/sigmod/97},
  timestamp     = {Mon, 14 Jun 2021 15:39:36 +0200},
  biburl        = {https://dblp.org/rec/conf/sigmod/ONeilQ97.bib},
  bibsource     = {dblp computer science bibliography, https://dblp.org},
  keywords      = {OLAP}
}
@proceedings{DBLP:conf/sigmod/97,
  title         = {{SIGMOD} 1997, Proceedings {ACM} {SIGMOD} International Conference on Management of Data, May 13-15, 1997, Tucson, Arizona, {USA}},
  year          = 1997,
  publisher     = {{ACM} Press},
  doi           = {10.1145/253260},
  isbn          = {978-0-89791-911-1},
  url           = {https://doi.org/10.1145/253260},
  editor        = {Joan Peckham},
  timestamp     = {Fri, 19 Nov 2021 10:34:45 +0100},
  biburl        = {https://dblp.org/rec/conf/sigmod/97.bib},
  bibsource     = {dblp computer science bibliography, https://dblp.org}
}
@book{bauer2013,
  title         = {Data Warehouse Systeme -- Architektur, Entwicklung, Anwendung},
  author        = {Bauer, Andreas and G\"{u}nzel, Holger},
  year          = 2004,
  publisher     = {dpunkt.verlag GmbH},
  isbn          = {978-3-89864-785-4},
  note          = {4th edition},
  keywords      = {OLAP}
}
@book{alpaydin2004,
  title         = {Introduction to Machine Learning},
  author        = {Alpaydin, Ethem},
  year          = 2004,
  publisher     = {{MIT} Press},
  isbn          = 9780262012119,
  keywords      = {classification}
}
@book{breiman1984,
  title         = {Classification and Regression Trees},
  author        = {Leo Breiman and J. H. Friedman and R. A. Olshen and C. J. Stone},
  year          = 1984,
  publisher     = {Wadsworth},
  isbn          = {0-534-98053-8},
  timestamp     = {Thu, 03 Jan 2002 11:51:52 +0100},
  biburl        = {https://dblp.org/rec/books/wa/BreimanFOS84.bib},
  bibsource     = {dblp computer science bibliography, https://dblp.org},
  keywords      = {classification}
}
@book{bishop2007,
  title         = {Pattern recognition and machine learning, 5th Edition},
  author        = {Christopher M. Bishop},
  year          = 2007,
  publisher     = {Springer},
  series        = {Information science and statistics},
  isbn          = 9780387310732,
  url           = {https://www.worldcat.org/oclc/71008143},
  timestamp     = {Fri, 17 Jul 2020 16:12:42 +0200},
  biburl        = {https://dblp.org/rec/books/lib/Bishop07.bib},
  bibsource     = {dblp computer science bibliography, https://dblp.org},
  keywords      = {classification}
}
@book{duda2001,
  title         = {Pattern classification, 2nd Edition},
  author        = {Richard O. Duda and Peter E. Hart and David G. Stork},
  year          = 2001,
  publisher     = {Wiley},
  isbn          = 9780471056690,
  url           = {https://www.worldcat.org/oclc/41347061},
  timestamp     = {Fri, 17 Jul 2020 16:12:42 +0200},
  biburl        = {https://dblp.org/rec/books/lib/DudaHS01.bib},
  bibsource     = {dblp computer science bibliography, https://dblp.org},
  keywords      = {classification, introduction}
}
@book{hastie2009,
  title         = {The Elements of Statistical Learning: Data Mining, Inference, and Prediction},
  author        = {Hastie, T. and Tibshirani, R. and Friedman, J.},
  year          = 2009,
  publisher     = {Springer New York},
  series        = {Springer Series in Statistics},
  isbn          = {978-0-387-84857-0},
  keywords      = {classification, introduction}
}
@book{liu1998,
  title         = {Feature Extraction, Construction and Selection: A Data Mining Perspective},
  author        = {Liu, H. and Motoda, H.},
  year          = 1998,
  publisher     = {Springer US},
  series        = {The Springer International Series in Engineering and Computer Science},
  isbn          = 9780792381969,
  lccn          = 98024450,
  keywords      = {classification, preprocessing}
}
@book{mitchell1997,
  title         = {Machine learning},
  author        = {Tom M. Mitchell},
  year          = 1997,
  publisher     = {McGraw-Hill},
  series        = {McGraw Hill series in computer science},
  isbn          = {978-0-07-042807-2},
  url           = {http://www.worldcat.org/oclc/61321007},
  timestamp     = {Wed, 26 Apr 2017 17:48:08 +0200},
  biburl        = {https://dblp.org/rec/books/daglib/0087929.bib},
  bibsource     = {dblp computer science bibliography, https://dblp.org},
  keywords      = {classification, introduction}
}
@book{marsland2009,
  title         = {Machine Learning - An Algorithmic Perspective},
  author        = {Stephen Marsland},
  year          = 2009,
  publisher     = {{CRC} Press},
  series        = {Chapman and Hall / {CRC} machine learning and pattern recognition series},
  isbn          = {978-1-4200-6718-7},
  url           = {http://www.crcpress.com/product/isbn/9781420067187},
  timestamp     = {Mon, 15 Oct 2012 13:17:49 +0200},
  biburl        = {https://dblp.org/rec/books/daglib/0029547.bib},
  bibsource     = {dblp computer science bibliography, https://dblp.org},
  keywords      = {classification}
}
@book{quinlan1993,
  title         = {{C4.5:} Programs for Machine Learning},
  author        = {J. Ross Quinlan},
  year          = 1993,
  publisher     = {Morgan Kaufmann},
  isbn          = {1-55860-238-0},
  timestamp     = {Thu, 03 Jan 2002 11:51:34 +0100},
  biburl        = {https://dblp.org/rec/books/mk/Quinlan93.bib},
  bibsource     = {dblp computer science bibliography, https://dblp.org},
  keywords      = {classification}
}
@book{tan2019,
  title         = {Introduction to Data Mining (Second Edition)},
  author        = {Pang{-}Ning Tan and Michael S. Steinbach and Anuj Karpatne and Vipin Kumar},
  year          = 2019,
  publisher     = {Pearson},
  url           = {https://www-users.cse.umn.edu/\%7Ekumar001/dmbook/index.php},
  timestamp     = {Mon, 08 Nov 2021 08:47:33 +0100},
  biburl        = {https://dblp.org/rec/books/aw/TanSKK2019.bib},
  bibsource     = {dblp computer science bibliography, https://dblp.org},
  keywords      = {classification, introduction}
}
@book{weiss1990,
  title         = {Computer Systems That Learn: Classification and Prediction Methods from Statistics, Neural Nets, Machine Learning and Expert Systems},
  author        = {Sholom M. Weiss and Casimir A. Kulikowski},
  year          = 1990,
  publisher     = {Morgan Kaufmann},
  isbn          = {1-55860-065-5},
  timestamp     = {Thu, 03 Jan 2002 11:51:34 +0100},
  biburl        = {https://dblp.org/rec/books/mk/WeissK90.bib},
  bibsource     = {dblp computer science bibliography, https://dblp.org},
  keywords      = {classification}
}
@book{weiss1997,
  title         = {Predictive data mining - a practical guide},
  author        = {Sholom M. Weiss and Nitin Indurkhya},
  year          = 1997,
  publisher     = {Morgan Kaufmann},
  isbn          = {978-1-55860-403-2},
  timestamp     = {Tue, 26 Apr 2011 17:21:46 +0200},
  biburl        = {https://dblp.org/rec/books/daglib/0091772.bib},
  bibsource     = {dblp computer science bibliography, https://dblp.org},
  keywords      = {classification}
}
@book{witten2005,
  title         = {Data mining - practical machine learning tools and techniques, Second Edition},
  author        = {Ian H. Witten and Eibe Frank},
  year          = 2005,
  publisher     = {Morgan Kaufmann},
  series        = {The Morgan Kaufmann series in data management systems},
  isbn          = {978-0-12-088407-0},
  timestamp     = {Mon, 15 Jul 2019 16:26:46 +0200},
  biburl        = {https://dblp.org/rec/books/daglib/0020109.bib},
  bibsource     = {dblp computer science bibliography, https://dblp.org},
  keywords      = {classification}
}
@inproceedings{ankerst1999,
  title         = {Visual Classification: An Interactive Approach to Decision Tree Construction},
  author        = {Mihael Ankerst and Christian Elsen and Martin Ester and Hans{-}Peter Kriegel},
  year          = 1999,
  booktitle     = {Proceedings of the Fifth {ACM} {SIGKDD} International Conference on Knowledge Discovery and Data Mining, San Diego, CA, USA, August 15-18, 1999},
  pages         = {392--396},
  doi           = {10.1145/312129.312298},
  url           = {https://doi.org/10.1145/312129.312298},
  crossref      = {DBLP:conf/kdd/1999},
  timestamp     = {Tue, 06 Nov 2018 16:59:35 +0100},
  biburl        = {https://dblp.org/rec/conf/kdd/AnkerstEEK99.bib},
  bibsource     = {dblp computer science bibliography, https://dblp.org},
  keywords      = {classification, decision-trees}
}
@proceedings{DBLP:conf/kdd/1999,
  title         = {Proceedings of the Fifth {ACM} {SIGKDD} International Conference on Knowledge Discovery and Data Mining, San Diego, CA, USA, August 15-18, 1999},
  year          = 1999,
  publisher     = {{ACM}},
  isbn          = {1-58113-143-7},
  url           = {http://dl.acm.org/citation.cfm?id=312129},
  editor        = {Usama M. Fayyad and Surajit Chaudhuri and David Madigan},
  timestamp     = {Mon, 22 Nov 2021 10:09:46 +0100},
  biburl        = {https://dblp.org/rec/conf/kdd/1999.bib},
  bibsource     = {dblp computer science bibliography, https://dblp.org}
}
@article{apte1997,
  title         = {Data mining with decision trees and decision rules},
  author        = {Chidanand Apt{\'{e}} and Sholom M. Weiss},
  year          = 1997,
  journal       = {Future Gener. Comput. Syst.},
  volume        = 13,
  number        = {2-3},
  pages         = {197--210},
  doi           = {10.1016/S0167-739X(97)00021-6},
  url           = {https://doi.org/10.1016/S0167-739X(97)00021-6},
  timestamp     = {Wed, 19 Feb 2020 14:16:00 +0100},
  biburl        = {https://dblp.org/rec/journals/fgcs/ApteW97.bib},
  bibsource     = {dblp computer science bibliography, https://dblp.org},
  keywords      = {classification, decision-trees}
}
@article{brodley1995,
  title         = {Multivariate Decision Trees},
  author        = {Carla E. Brodley and Paul E. Utgoff},
  year          = 1995,
  journal       = {Mach. Learn.},
  volume        = 19,
  number        = 1,
  pages         = {45--77},
  doi           = {10.1007/BF00994660},
  url           = {https://doi.org/10.1007/BF00994660},
  timestamp     = {Mon, 02 Mar 2020 16:29:50 +0100},
  biburl        = {https://dblp.org/rec/journals/ml/BrodleyU95.bib},
  bibsource     = {dblp computer science bibliography, https://dblp.org},
  keywords      = {classification, decision-trees}
}
@inproceedings{chan1995,
  title         = {Learning Arbiter and Combiner Trees from Partitioned Data for Scaling Machine Learning},
  author        = {Philip K. Chan and Salvatore J. Stolfo},
  year          = 1995,
  booktitle     = {Proceedings of the First International Conference on Knowledge Discovery and Data Mining (KDD-95), Montreal, Canada, August 20-21, 1995},
  pages         = {39--44},
  url           = {http://www.aaai.org/Library/KDD/1995/kdd95-047.php},
  crossref      = {DBLP:conf/kdd/1995},
  timestamp     = {Wed, 12 Dec 2012 15:08:19 +0100},
  biburl        = {https://dblp.org/rec/conf/kdd/ChanS95.bib},
  bibsource     = {dblp computer science bibliography, https://dblp.org},
  keywords      = {classification, decision-trees}
}
@proceedings{DBLP:conf/kdd/1995,
  title         = {Proceedings of the First International Conference on Knowledge Discovery and Data Mining (KDD-95), Montreal, Canada, August 20-21, 1995},
  year          = 1995,
  publisher     = {{AAAI} Press},
  isbn          = {0-929280-82-2},
  url           = {http://www.aaai.org/Library/KDD/kdd95contents.php},
  editor        = {Usama M. Fayyad and Ramasamy Uthurusamy},
  timestamp     = {Mon, 22 Nov 2021 10:38:07 +0100},
  biburl        = {https://dblp.org/rec/conf/kdd/1995.bib},
  bibsource     = {dblp computer science bibliography, https://dblp.org}
}
@inproceedings{fayyad1994,
  title         = {Branching on Attribute Values in Decision Tree Generation},
  author        = {Usama M. Fayyad},
  year          = 1994,
  booktitle     = {Proceedings of the 12th National Conference on Artificial Intelligence, Seattle, WA, USA, July 31 - August 4, 1994, Volume 1},
  pages         = {601--606},
  url           = {http://www.aaai.org/Library/AAAI/1994/aaai94-091.php},
  crossref      = {DBLP:conf/aaai/1994-1},
  timestamp     = {Tue, 11 Dec 2012 17:40:42 +0100},
  biburl        = {https://dblp.org/rec/conf/aaai/Fayyad94.bib},
  bibsource     = {dblp computer science bibliography, https://dblp.org},
  keywords      = {classification, decision-trees}
}
@proceedings{DBLP:conf/aaai/1994-1,
  title         = {Proceedings of the 12th National Conference on Artificial Intelligence, Seattle, WA, USA, July 31 - August 4, 1994, Volume 1},
  year          = 1994,
  publisher     = {{AAAI} Press / The {MIT} Press},
  isbn          = {0-262-61102-3},
  url           = {http://www.aaai.org/Conferences/AAAI/aaai94.php},
  editor        = {Barbara Hayes{-}Roth and Richard E. Korf},
  timestamp     = {Mon, 22 Nov 2021 10:38:42 +0100},
  biburl        = {https://dblp.org/rec/conf/aaai/1994-1.bib},
  bibsource     = {dblp computer science bibliography, https://dblp.org}
}
@inproceedings{mehta1996,
  title         = {{SLIQ:} {A} Fast Scalable Classifier for Data Mining},
  author        = {Manish Mehta and Rakesh Agrawal and Jorma Rissanen},
  year          = 1996,
  booktitle     = {Advances in Database Technology - EDBT'96, 5th International Conference on Extending Database Technology, Avignon, France, March 25-29, 1996, Proceedings},
  pages         = {18--32},
  doi           = {10.1007/BFb0014141},
  url           = {https://doi.org/10.1007/BFb0014141},
  crossref      = {DBLP:conf/edbt/96},
  timestamp     = {Tue, 14 May 2019 10:00:53 +0200},
  biburl        = {https://dblp.org/rec/conf/edbt/MehtaAR96.bib},
  bibsource     = {dblp computer science bibliography, https://dblp.org},
  keywords      = {classification, decision-trees}
}
@proceedings{DBLP:conf/edbt/96,
  title         = {Advances in Database Technology - EDBT'96, 5th International Conference on Extending Database Technology, Avignon, France, March 25-29, 1996, Proceedings},
  year          = 1996,
  publisher     = {Springer},
  series        = {Lecture Notes in Computer Science},
  volume        = 1057,
  doi           = {10.1007/BFb0014139},
  isbn          = {3-540-61057-X},
  url           = {https://doi.org/10.1007/BFb0014139},
  editor        = {Peter M. G. Apers and Mokrane Bouzeghoub and Georges Gardarin},
  timestamp     = {Mon, 22 Nov 2021 10:39:16 +0100},
  biburl        = {https://dblp.org/rec/conf/edbt/96.bib},
  bibsource     = {dblp computer science bibliography, https://dblp.org}
}
@inproceedings{gehrke1998,
  title         = {RainForest - {A} Framework for Fast Decision Tree Construction of Large Datasets},
  author        = {Johannes Gehrke and Raghu Ramakrishnan and Venkatesh Ganti},
  year          = 1998,
  booktitle     = {VLDB'98, Proceedings of 24rd International Conference on Very Large Data Bases, August 24-27, 1998, New York City, New York, {USA}},
  pages         = {416--427},
  url           = {http://www.vldb.org/conf/1998/p416.pdf},
  crossref      = {DBLP:conf/vldb/98},
  timestamp     = {Thu, 12 Mar 2020 11:33:38 +0100},
  biburl        = {https://dblp.org/rec/conf/vldb/GehrkeRG98.bib},
  bibsource     = {dblp computer science bibliography, https://dblp.org},
  keywords      = {classification, decision-trees}
}
@inproceedings{gehrke1999,
  title         = {BOAT-Optimistic Decision Tree Construction},
  author        = {Johannes Gehrke and Venkatesh Ganti and Raghu Ramakrishnan and Wei{-}Yin Loh},
  year          = 1999,
  booktitle     = {{SIGMOD} 1999, Proceedings {ACM} {SIGMOD} International Conference on Management of Data, June 1-3, 1999, Philadelphia, Pennsylvania, {USA}},
  pages         = {169--180},
  doi           = {10.1145/304182.304197},
  url           = {https://doi.org/10.1145/304182.304197},
  crossref      = {DBLP:conf/sigmod/99},
  timestamp     = {Fri, 12 Mar 2021 14:14:34 +0100},
  biburl        = {https://dblp.org/rec/conf/sigmod/GehrkeGRL99.bib},
  bibsource     = {dblp computer science bibliography, https://dblp.org},
  keywords      = {classification, decision-trees}
}
@proceedings{DBLP:conf/sigmod/99,
  title         = {{SIGMOD} 1999, Proceedings {ACM} {SIGMOD} International Conference on Management of Data, June 1-3, 1999, Philadelphia, Pennsylvania, {USA}},
  year          = 1999,
  publisher     = {{ACM} Press},
  doi           = {10.1145/304182},
  isbn          = {1-58113-084-8},
  url           = {https://doi.org/10.1145/304182},
  editor        = {Alex Delis and Christos Faloutsos and Shahram Ghandeharizadeh},
  timestamp     = {Mon, 22 Nov 2021 10:40:25 +0100},
  biburl        = {https://dblp.org/rec/conf/sigmod/99.bib},
  bibsource     = {dblp computer science bibliography, https://dblp.org}
}
@article{murthy1998,
  title         = {Automatic Construction of Decision Trees from Data: {A} Multi-Disciplinary Survey},
  author        = {Sreerama K. Murthy},
  year          = 1998,
  journal       = {Data Min. Knowl. Discov.},
  volume        = 2,
  number        = 4,
  pages         = {345--389},
  doi           = {10.1023/A:1009744630224},
  url           = {https://doi.org/10.1023/A:1009744630224},
  timestamp     = {Sat, 20 May 2017 00:25:07 +0200},
  biburl        = {https://dblp.org/rec/journals/datamine/Murthy98.bib},
  bibsource     = {dblp computer science bibliography, https://dblp.org},
  keywords      = {classification, decision-trees}
}
@article{quinlan1986,
  title         = {Induction of Decision Trees},
  author        = {J. Ross Quinlan},
  year          = 1986,
  journal       = {Mach. Learn.},
  volume        = 1,
  number        = 1,
  pages         = {81--106},
  doi           = {10.1023/A:1022643204877},
  url           = {https://doi.org/10.1023/A:1022643204877},
  timestamp     = {Mon, 02 Mar 2020 16:28:49 +0100},
  biburl        = {https://dblp.org/rec/journals/ml/Quinlan86.bib},
  bibsource     = {dblp computer science bibliography, https://dblp.org},
  keywords      = {classification, decision-trees}
}
@article{quinlan1989,
  title         = {Inferring Decision Trees Using the Minimum Description Length Principle},
  author        = {J. Ross Quinlan and Ronald L. Rivest},
  year          = 1989,
  journal       = {Inf. Comput.},
  volume        = 80,
  number        = 3,
  pages         = {227--248},
  doi           = {10.1016/0890-5401(89)90010-2},
  url           = {https://doi.org/10.1016/0890-5401(89)90010-2},
  timestamp     = {Fri, 12 Feb 2021 22:16:01 +0100},
  biburl        = {https://dblp.org/rec/journals/iandc/QuinlanR89.bib},
  bibsource     = {dblp computer science bibliography, https://dblp.org},
  keywords      = {classification, decision-trees}
}
@inproceedings{rastogi1998,
  title         = {{PUBLIC:} {A} Decision Tree Classifier that Integrates Building and Pruning},
  author        = {Rajeev Rastogi and Kyuseok Shim},
  year          = 1998,
  booktitle     = {VLDB'98, Proceedings of 24rd International Conference on Very Large Data Bases, August 24-27, 1998, New York City, New York, {USA}},
  pages         = {404--415},
  url           = {http://www.vldb.org/conf/1998/p404.pdf},
  crossref      = {DBLP:conf/vldb/98},
  timestamp     = {Thu, 12 Mar 2020 11:33:38 +0100},
  biburl        = {https://dblp.org/rec/conf/vldb/RastogiS98.bib},
  bibsource     = {dblp computer science bibliography, https://dblp.org},
  keywords      = {classification, decision-trees}
}
@proceedings{DBLP:conf/vldb/98,
  title         = {VLDB'98, Proceedings of 24rd International Conference on Very Large Data Bases, August 24-27, 1998, New York City, New York, {USA}},
  year          = 1998,
  publisher     = {Morgan Kaufmann},
  isbn          = {1-55860-566-5},
  editor        = {Ashish Gupta and Oded Shmueli and Jennifer Widom},
  timestamp     = {Mon, 22 Nov 2021 10:41:43 +0100},
  biburl        = {https://dblp.org/rec/conf/vldb/98.bib},
  bibsource     = {dblp computer science bibliography, https://dblp.org}
}
@inproceedings{shafer1996,
  title         = {{SPRINT:} {A} Scalable Parallel Classifier for Data Mining},
  author        = {John C. Shafer and Rakesh Agrawal and Manish Mehta},
  year          = 1996,
  booktitle     = {VLDB'96, Proceedings of 22th International Conference on Very Large Data Bases, September 3-6, 1996, Mumbai (Bombay), India},
  pages         = {544--555},
  url           = {http://www.vldb.org/conf/1996/P544.PDF},
  crossref      = {DBLP:conf/vldb/96},
  timestamp     = {Tue, 07 Nov 2017 16:24:37 +0100},
  biburl        = {https://dblp.org/rec/conf/vldb/ShaferAM96.bib},
  bibsource     = {dblp computer science bibliography, https://dblp.org},
  keywords      = {classification, decision-trees}
}
@article{shih1999,
  title         = {Families of splitting criteria for classification trees},
  author        = {Y.{-}S. Shih},
  year          = 1999,
  journal       = {Stat. Comput.},
  volume        = 9,
  number        = 4,
  pages         = {309--315},
  doi           = {10.1023/A:1008920224518},
  url           = {https://doi.org/10.1023/A:1008920224518},
  timestamp     = {Wed, 25 Mar 2020 09:31:48 +0100},
  biburl        = {https://dblp.org/rec/journals/sac/Shih99.bib},
  bibsource     = {dblp computer science bibliography, https://dblp.org},
  keywords      = {classification, decision-trees}
}
@book{bishop1995,
  title         = {Neural Networks for Pattern Recognition},
  author        = {Bishop, Christopher M.},
  year          = 1995,
  publisher     = {Oxford University Press, Inc.},
  address       = {USA},
  isbn          = {0198538642},
  keywords      = {classification, neural networks}
}
@book{chauvin1995,
  title         = {Backpropagation: Theory, Architectures, and Applications},
  author        = {Chauvin, Yves and Rumelhart, David E.},
  year          = 1995,
  publisher     = {Lawrence Erlbaum Associates},
  doi           = {10.4324/9780203763247},
  isbn          = {0-8058-1259-8},
  keywords      = {classification, neural networks}
}
@article{shavlik1991,
  title         = {Symbolic and Neural Learning Algorithms: An Experimental Comparison},
  author        = {Jude W. Shavlik and Raymond J. Mooney and Geoffrey G. Towell},
  year          = 1991,
  journal       = {Mach. Learn.},
  volume        = 6,
  pages         = {111--143},
  doi           = {10.1007/BF00114160},
  url           = {https://doi.org/10.1007/BF00114160},
  timestamp     = {Mon, 02 Mar 2020 16:29:49 +0100},
  biburl        = {https://dblp.org/rec/journals/ml/ShavlikMT91.bib},
  bibsource     = {dblp computer science bibliography, https://dblp.org},
  keywords      = {classification, neural networks}
}
@book{haykin2008,
  title         = {Neural Networks and Learning Machines},
  author        = {Haykin, Simon},
  year          = 2008,
  publisher     = {Prentice Hall},
  doi           = {10.4324/9780203763247},
  isbn          = {978-0-13-147139-9},
  note          = {3rd edition},
  keywords      = {classification, neural networks}
}
@book{hertz1991,
  title         = {Introduction to the theory of neural computation},
  author        = {John A. Hertz and Anders Krogh and Richard G. Palmer},
  year          = 1991,
  publisher     = {Addison-Wesley},
  series        = {The advanced book program},
  volume        = 1,
  isbn          = 0201515601,
  url           = {https://www.worldcat.org/oclc/21522159},
  timestamp     = {Fri, 17 Jul 2020 16:12:40 +0200},
  biburl        = {https://dblp.org/rec/books/lib/HertzKP91.bib},
  bibsource     = {dblp computer science bibliography, https://dblp.org},
  keywords      = {classification, neural networks}
}
@book{hechtnielsen1990,
  title         = {Neurocomputing},
  author        = {Robert Hecht{-}Nielsen},
  year          = 1990,
  publisher     = {Addison-Wesley},
  isbn          = {978-0-201-09355-1},
  timestamp     = {Tue, 19 Apr 2011 17:04:45 +0200},
  biburl        = {https://dblp.org/rec/books/daglib/0068042.bib},
  bibsource     = {dblp computer science bibliography, https://dblp.org},
  keywords      = {classification, neural networks}
}
@book{ripley1996,
  title         = {Pattern Recognition and Neural Networks},
  author        = {Brian D. Ripley},
  year          = 1996,
  publisher     = {Cambridge University Press},
  doi           = {10.1017/CBO9780511812651},
  isbn          = {978-0-521-46086-6},
  url           = {https://doi.org/10.1017/CBO9780511812651},
  timestamp     = {Wed, 10 Jul 2019 17:37:26 +0200},
  biburl        = {https://dblp.org/rec/books/daglib/0082591.bib},
  bibsource     = {dblp computer science bibliography, https://dblp.org},
  keywords      = {classification, neural networks}
}
@proceedings{DBLP:conf/vldb/96,
  title         = {VLDB'96, Proceedings of 22th International Conference on Very Large Data Bases, September 3-6, 1996, Mumbai (Bombay), India},
  year          = 1996,
  publisher     = {Morgan Kaufmann},
  isbn          = {1-55860-382-4},
  editor        = {T. M. Vijayaraman and Alejandro P. Buchmann and C. Mohan and Nandlal L. Sarda},
  timestamp     = {Mon, 22 Nov 2021 10:41:58 +0100},
  biburl        = {https://dblp.org/rec/conf/vldb/96.bib},
  bibsource     = {dblp computer science bibliography, https://dblp.org}
}
@article{burges1998,
  title         = {A Tutorial on Support Vector Machines for Pattern Recognition},
  author        = {Christopher J. C. Burges},
  year          = 1998,
  journal       = {Data Min. Knowl. Discov.},
  volume        = 2,
  number        = 2,
  pages         = {121--167},
  doi           = {10.1023/A:1009715923555},
  url           = {https://doi.org/10.1023/A:1009715923555},
  timestamp     = {Wed, 14 Nov 2018 10:41:43 +0100},
  biburl        = {https://dblp.org/rec/journals/datamine/Burges98.bib},
  bibsource     = {dblp computer science bibliography, https://dblp.org},
  keywords      = {classification, svm}
}
@book{christianini2010,
  title         = {An Introduction to Support Vector Machines and Other Kernel-based Learning Methods},
  author        = {Nello Cristianini and John Shawe{-}Taylor},
  year          = 2010,
  publisher     = {Cambridge University Press},
  doi           = {10.1017/CBO9780511801389},
  isbn          = {978-0-521-78019-3},
  timestamp     = {Thu, 05 May 2011 16:48:09 +0200},
  biburl        = {https://dblp.org/rec/books/daglib/0026018.bib},
  bibsource     = {dblp computer science bibliography, https://dblp.org},
  keywords      = {classification, svm}
}
@inproceedings{drucker1996,
  title         = {Support Vector Regression Machines},
  author        = {Harris Drucker and Christopher J. C. Burges and Linda Kaufman and Alexander J. Smola and Vladimir Vapnik},
  year          = 1996,
  booktitle     = {Advances in Neural Information Processing Systems 9, NIPS, Denver, CO, USA, December 2-5, 1996},
  pages         = {155--161},
  url           = {http://papers.nips.cc/paper/1238-support-vector-regression-machines},
  crossref      = {DBLP:conf/nips/1996N},
  timestamp     = {Thu, 21 Jan 2021 15:15:26 +0100},
  biburl        = {https://dblp.org/rec/conf/nips/DruckerBKSV96.bib},
  bibsource     = {dblp computer science bibliography, https://dblp.org},
  keywords      = {classification, svm}
}
@proceedings{DBLP:conf/nips/1996N,
  title         = {Advances in Neural Information Processing Systems 9, NIPS, Denver, CO, USA, December 2-5, 1996},
  year          = 1997,
  publisher     = {{MIT} Press},
  url           = {https://proceedings.neurips.cc/paper/1996},
  editor        = {Michael Mozer and Michael I. Jordan and Thomas Petsche},
  timestamp     = {Mon, 22 Nov 2021 14:28:48 +0100},
  biburl        = {https://dblp.org/rec/conf/nips/1996N.bib},
  bibsource     = {dblp computer science bibliography, https://dblp.org}
}
@inbook{platt1999,
  title         = {Fast Training of Support Vector Machines Using Sequential Minimal Optimization},
  author        = {Platt, John C.},
  year          = 1999,
  booktitle     = {Advances in Kernel Methods: Support Vector Learning},
  publisher     = {MIT Press},
  address       = {Cambridge, MA, USA},
  pages         = {185–-208},
  isbn          = {0262194163},
  numpages      = 24,
  keywords      = {classification, svm}
}
@inproceedings{scholkopf1998,
  title         = {Shrinking the Tube: {A} New Support Vector Regression Algorithm},
  author        = {Bernhard Sch{\"{o}}lkopf and Peter L. Bartlett and Alexander J. Smola and Robert C. Williamson},
  year          = 1998,
  booktitle     = {Advances in Neural Information Processing Systems 11, {[NIPS} Conference, Denver, Colorado, USA, November 30 - December 5, 1998]},
  pages         = {330--336},
  url           = {http://papers.nips.cc/paper/1563-shrinking-the-tube-a-new-support-vector-regression-algorithm},
  crossref      = {DBLP:conf/nips/1998},
  timestamp     = {Thu, 21 Jan 2021 15:15:26 +0100},
  biburl        = {https://dblp.org/rec/conf/nips/ScholkopfBSW98.bib},
  bibsource     = {dblp computer science bibliography, https://dblp.org},
  keywords      = {classification, svm}
}
@proceedings{DBLP:conf/nips/1998,
  title         = {Advances in Neural Information Processing Systems 11, {[NIPS} Conference, Denver, Colorado, USA, November 30 - December 5, 1998]},
  year          = 1999,
  publisher     = {The {MIT} Press},
  isbn          = {0-262-11245-0},
  url           = {https://proceedings.neurips.cc/paper/1998},
  editor        = {Michael J. Kearns and Sara A. Solla and David A. Cohn},
  timestamp     = {Mon, 22 Nov 2021 14:32:24 +0100},
  biburl        = {https://dblp.org/rec/conf/nips/1998.bib},
  bibsource     = {dblp computer science bibliography, https://dblp.org},
  keywords      = {classification, svm}
}
@inproceedings{yu2003,
  title         = {Classifying large data sets using SVMs with hierarchical clusters},
  author        = {Hwanjo Yu and Jiong Yang and Jiawei Han},
  year          = 2003,
  booktitle     = {Proceedings of the Ninth {ACM} {SIGKDD} International Conference on Knowledge Discovery and Data Mining, Washington, DC, USA, August 24 - 27, 2003},
  pages         = {306--315},
  doi           = {10.1145/956750.956786},
  url           = {https://doi.org/10.1145/956750.956786},
  crossref      = {DBLP:conf/kdd/2003},
  timestamp     = {Tue, 06 Nov 2018 16:59:37 +0100},
  biburl        = {https://dblp.org/rec/conf/kdd/YuYH03.bib},
  bibsource     = {dblp computer science bibliography, https://dblp.org},
  keywords      = {classification, svm}
}
@proceedings{DBLP:conf/kdd/2003,
  title         = {Proceedings of the Ninth {ACM} {SIGKDD} International Conference on Knowledge Discovery and Data Mining, Washington, DC, USA, August 24 - 27, 2003},
  year          = 2003,
  publisher     = {{ACM}},
  isbn          = {1-58113-737-0},
  editor        = {Lise Getoor and Ted E. Senator and Pedro M. Domingos and Christos Faloutsos},
  timestamp     = {Mon, 22 Nov 2021 14:32:48 +0100},
  biburl        = {https://dblp.org/rec/conf/kdd/2003.bib},
  bibsource     = {dblp computer science bibliography, https://dblp.org},
  keywords      = {classification, svm}
}
@inproceedings{cheng2007,
  title         = {Discriminative Frequent Pattern Analysis for Effective Classification},
  author        = {Hong Cheng and Xifeng Yan and Jiawei Han and Chih{-}Wei Hsu},
  year          = 2007,
  booktitle     = {Proceedings of the 23rd International Conference on Data Engineering, {ICDE} 2007, The Marmara Hotel, Istanbul, Turkey, April 15-20, 2007},
  pages         = {716--725},
  doi           = {10.1109/ICDE.2007.367917},
  url           = {https://doi.org/10.1109/ICDE.2007.367917},
  crossref      = {DBLP:conf/icde/2007},
  timestamp     = {Thu, 01 Oct 2020 17:52:59 +0200},
  biburl        = {https://dblp.org/rec/conf/icde/ChengYHH07.bib},
  bibsource     = {dblp computer science bibliography, https://dblp.org},
  keywords      = {classification, pattern}
}
@proceedings{DBLP:conf/icde/2007,
  title         = {Proceedings of the 23rd International Conference on Data Engineering, {ICDE} 2007, The Marmara Hotel, Istanbul, Turkey, April 15-20, 2007},
  year          = 2007,
  publisher     = {{IEEE} Computer Society},
  isbn          = {1-4244-0802-4},
  url           = {https://ieeexplore.ieee.org/xpl/conhome/4221634/proceeding},
  editor        = {Rada Chirkova and Asuman Dogac and M. Tamer {\"{O}}zsu and Timos K. Sellis},
  timestamp     = {Mon, 22 Nov 2021 14:34:22 +0100},
  biburl        = {https://dblp.org/rec/conf/icde/2007.bib},
  bibsource     = {dblp computer science bibliography, https://dblp.org}
}
@inproceedings{cheng2008,
  title         = {Direct Discriminative Pattern Mining for Effective Classification},
  author        = {Hong Cheng and Xifeng Yan and Jiawei Han and Philip S. Yu},
  year          = 2008,
  booktitle     = {Proceedings of the 24th International Conference on Data Engineering, {ICDE} 2008, April 7-12, 2008, Canc{\'{u}}n, Mexico},
  pages         = {169--178},
  doi           = {10.1109/ICDE.2008.4497425},
  url           = {https://doi.org/10.1109/ICDE.2008.4497425},
  crossref      = {DBLP:conf/icde/2008},
  timestamp     = {Wed, 30 Sep 2020 09:15:07 +0200},
  biburl        = {https://dblp.org/rec/conf/icde/ChengYHY08.bib},
  bibsource     = {dblp computer science bibliography, https://dblp.org},
  keywords      = {classification, pattern}
}
@proceedings{DBLP:conf/icde/2008,
  title         = {Proceedings of the 24th International Conference on Data Engineering, {ICDE} 2008, April 7-12, 2008, Canc{\'{u}}n, Mexico},
  year          = 2008,
  publisher     = {{IEEE} Computer Society},
  isbn          = {978-1-4244-1836-7},
  url           = {https://ieeexplore.ieee.org/xpl/conhome/4492792/proceeding},
  editor        = {Gustavo Alonso and Jos{\'{e}} A. Blakeley and Arbee L. P. Chen},
  timestamp     = {Mon, 22 Nov 2021 14:35:59 +0100},
  biburl        = {https://dblp.org/rec/conf/icde/2008.bib},
  bibsource     = {dblp computer science bibliography, https://dblp.org}
}
@inproceedings{cong2005,
  title         = {Mining Top-k Covering Rule Groups for Gene Expression Data},
  author        = {Gao Cong and Kian{-}Lee Tan and Anthony K. H. Tung and Xin Xu},
  year          = 2005,
  booktitle     = {Proceedings of the {ACM} {SIGMOD} International Conference on Management of Data, Baltimore, Maryland, USA, June 14-16, 2005},
  pages         = {670--681},
  doi           = {10.1145/1066157.1066234},
  url           = {https://doi.org/10.1145/1066157.1066234},
  crossref      = {DBLP:conf/sigmod/2005},
  timestamp     = {Thu, 14 Oct 2021 10:11:37 +0200},
  biburl        = {https://dblp.org/rec/conf/sigmod/CongTTX05.bib},
  bibsource     = {dblp computer science bibliography, https://dblp.org},
  keywords      = {classification, pattern}
}
@proceedings{DBLP:conf/sigmod/2005,
  title         = {Proceedings of the {ACM} {SIGMOD} International Conference on Management of Data, Baltimore, Maryland, USA, June 14-16, 2005},
  year          = 2005,
  publisher     = {{ACM}},
  doi           = {10.1145/1066157},
  isbn          = {1-59593-060-4},
  url           = {https://doi.org/10.1145/1066157},
  editor        = {Fatma {\"{O}}zcan},
  timestamp     = {Mon, 22 Nov 2021 14:36:21 +0100},
  biburl        = {https://dblp.org/rec/conf/sigmod/2005.bib},
  bibsource     = {dblp computer science bibliography, https://dblp.org}
}
@inproceedings{dong1999,
  title         = {Efficient Mining of Emerging Patterns: Discovering Trends and Differences},
  author        = {Guozhu Dong and Jinyan Li},
  year          = 1999,
  booktitle     = {Proceedings of the Fifth {ACM} {SIGKDD} International Conference on Knowledge Discovery and Data Mining, San Diego, CA, USA, August 15-18, 1999},
  pages         = {43--52},
  doi           = {10.1145/312129.312191},
  url           = {https://doi.org/10.1145/312129.312191},
  crossref      = {DBLP:conf/kdd/1999},
  timestamp     = {Tue, 06 Apr 2021 15:36:47 +0200},
  biburl        = {https://dblp.org/rec/conf/kdd/DongL99.bib},
  bibsource     = {dblp computer science bibliography, https://dblp.org},
  keywords      = {classification, pattern}
}
@inproceedings{kim2010,
  title         = {NDPMine: Efficiently Mining Discriminative Numerical Features for Pattern-Based Classification},
  author        = {Hyungsul Kim and Sangkyum Kim and Tim Weninger and Jiawei Han and Tarek F. Abdelzaher},
  year          = 2010,
  booktitle     = {Machine Learning and Knowledge Discovery in Databases, European Conference, {ECML} {PKDD} 2010, Barcelona, Spain, September 20-24, 2010, Proceedings, Part {II}},
  pages         = {35--50},
  doi           = {10.1007/978-3-642-15883-4\_3},
  url           = {https://doi.org/10.1007/978-3-642-15883-4\_3},
  crossref      = {DBLP:conf/pkdd/2010-2},
  timestamp     = {Tue, 14 May 2019 10:00:47 +0200},
  biburl        = {https://dblp.org/rec/conf/pkdd/KimKWHA10.bib},
  bibsource     = {dblp computer science bibliography, https://dblp.org},
  keywords      = {classification, pattern}
}
@proceedings{DBLP:conf/pkdd/2010-2,
  title         = {Machine Learning and Knowledge Discovery in Databases, European Conference, {ECML} {PKDD} 2010, Barcelona, Spain, September 20-24, 2010, Proceedings, Part {II}},
  year          = 2010,
  publisher     = {Springer},
  series        = {Lecture Notes in Computer Science},
  volume        = 6322,
  doi           = {10.1007/978-3-642-15883-4},
  isbn          = {978-3-642-15882-7},
  url           = {https://doi.org/10.1007/978-3-642-15883-4},
  editor        = {Jos{\'{e}} L. Balc{\'{a}}zar and Francesco Bonchi and Aristides Gionis and Mich{\`{e}}le Sebag},
  timestamp     = {Mon, 22 Nov 2021 14:37:21 +0100},
  biburl        = {https://dblp.org/rec/conf/pkdd/2010-2.bib},
  bibsource     = {dblp computer science bibliography, https://dblp.org}
}
@inproceedings{li2001,
  title         = {{CMAR:} Accurate and Efficient Classification Based on Multiple Class-Association Rules},
  author        = {Wenmin Li and Jiawei Han and Jian Pei},
  year          = 2001,
  booktitle     = {Proceedings of the 2001 {IEEE} International Conference on Data Mining, 29 November - 2 December 2001, San Jose, California, {USA}},
  pages         = {369--376},
  doi           = {10.1109/ICDM.2001.989541},
  url           = {https://doi.org/10.1109/ICDM.2001.989541},
  crossref      = {DBLP:conf/icdm/2001},
  timestamp     = {Wed, 16 Oct 2019 14:14:51 +0200},
  biburl        = {https://dblp.org/rec/conf/icdm/LiHP01.bib},
  bibsource     = {dblp computer science bibliography, https://dblp.org},
  keywords      = {classification, pattern}
}
@proceedings{DBLP:conf/icdm/2001,
  title         = {Proceedings of the 2001 {IEEE} International Conference on Data Mining, 29 November - 2 December 2001, San Jose, California, {USA}},
  year          = 2001,
  publisher     = {{IEEE} Computer Society},
  isbn          = {0-7695-1119-8},
  url           = {https://ieeexplore.ieee.org/xpl/conhome/7762/proceeding},
  editor        = {Nick Cercone and Tsau Young Lin and Xindong Wu},
  timestamp     = {Mon, 22 Nov 2021 14:37:57 +0100},
  biburl        = {https://dblp.org/rec/conf/icdm/2001.bib},
  bibsource     = {dblp computer science bibliography, https://dblp.org}
}
@inproceedings{liu1998-2,
  title         = {Integrating Classification and Association Rule Mining},
  author        = {Bing Liu and Wynne Hsu and Yiming Ma},
  year          = 1998,
  booktitle     = {Proceedings of the Fourth International Conference on Knowledge Discovery and Data Mining (KDD-98), New York City, New York, USA, August 27-31, 1998},
  pages         = {80--86},
  url           = {http://www.aaai.org/Library/KDD/1998/kdd98-012.php},
  crossref      = {DBLP:conf/kdd/1998},
  timestamp     = {Tue, 07 Nov 2017 16:24:37 +0100},
  biburl        = {https://dblp.org/rec/conf/kdd/LiuHM98.bib},
  bibsource     = {dblp computer science bibliography, https://dblp.org},
  keywords      = {classification, pattern}
}
@proceedings{DBLP:conf/kdd/1998,
  title         = {Proceedings of the Fourth International Conference on Knowledge Discovery and Data Mining (KDD-98), New York City, New York, USA, August 27-31, 1998},
  year          = 1998,
  publisher     = {{AAAI} Press},
  isbn          = {1-57735-070-7},
  url           = {http://www.aaai.org/Library/KDD/kdd98contents.php},
  editor        = {Rakesh Agrawal and Paul E. Stolorz and Gregory Piatetsky{-}Shapiro},
  timestamp     = {Mon, 22 Nov 2021 14:38:30 +0100},
  biburl        = {https://dblp.org/rec/conf/kdd/1998.bib},
  bibsource     = {dblp computer science bibliography, https://dblp.org}
}
@inproceedings{wang2005,
  title         = {{HARMONY:} Efficiently Mining the Best Rules for Classification},
  author        = {Jianyong Wang and George Karypis},
  year          = 2005,
  booktitle     = {Proceedings of the 2005 {SIAM} International Conference on Data Mining, {SDM} 2005, Newport Beach, CA, USA, April 21-23, 2005},
  pages         = {205--216},
  doi           = {10.1137/1.9781611972757.19},
  url           = {https://doi.org/10.1137/1.9781611972757.19},
  crossref      = {DBLP:conf/sdm/2005},
  timestamp     = {Thu, 14 Oct 2021 10:22:33 +0200},
  biburl        = {https://dblp.org/rec/conf/sdm/WangK05.bib},
  bibsource     = {dblp computer science bibliography, https://dblp.org},
  keywords      = {classification, pattern}
}
@proceedings{DBLP:conf/sdm/2005,
  title         = {Proceedings of the 2005 {SIAM} International Conference on Data Mining, {SDM} 2005, Newport Beach, CA, USA, April 21-23, 2005},
  year          = 2005,
  publisher     = {{SIAM}},
  doi           = {10.1137/1.9781611972757},
  isbn          = {978-0-89871-593-4},
  url           = {https://doi.org/10.1137/1.9781611972757},
  editor        = {Hillol Kargupta and Jaideep Srivastava and Chandrika Kamath and Arnold Goodman},
  timestamp     = {Mon, 22 Nov 2021 14:38:55 +0100},
  biburl        = {https://dblp.org/rec/conf/sdm/2005.bib},
  bibsource     = {dblp computer science bibliography, https://dblp.org}
}
@article{clark1989,
  title         = {The {CN2} Induction Algorithm},
  author        = {Peter Clark and Tim Niblett},
  year          = 1989,
  journal       = {Mach. Learn.},
  volume        = 3,
  pages         = {261--283},
  doi           = {10.1007/BF00116835},
  url           = {https://doi.org/10.1007/BF00116835},
  timestamp     = {Mon, 02 Mar 2020 16:28:48 +0100},
  biburl        = {https://dblp.org/rec/journals/ml/ClarkN89.bib},
  bibsource     = {dblp computer science bibliography, https://dblp.org},
  keywords      = {classification, rule}
}
@article{crawford1989,
  title         = {Extensions to the {CART} Algorithm},
  author        = {Stuart L. Crawford},
  year          = 1989,
  journal       = {Int. J. Man Mach. Stud.},
  volume        = 31,
  number        = 2,
  pages         = {197--217},
  doi           = {10.1016/0020-7373(89)90027-8},
  url           = {https://doi.org/10.1016/0020-7373(89)90027-8},
  timestamp     = {Fri, 15 May 2020 17:13:08 +0200},
  biburl        = {https://dblp.org/rec/journals/ijmms/Crawford89.bib},
  bibsource     = {dblp computer science bibliography, https://dblp.org},
  keywords      = {classification, rule}
}
@inproceedings{cohen1995,
  title         = {Fast Effective Rule Induction},
  author        = {William W. Cohen},
  year          = 1995,
  booktitle     = {Machine Learning, Proceedings of the Twelfth International Conference on Machine Learning, Tahoe City, California, USA, July 9-12, 1995},
  pages         = {115--123},
  doi           = {10.1016/b978-1-55860-377-6.50023-2},
  url           = {https://doi.org/10.1016/b978-1-55860-377-6.50023-2},
  crossref      = {DBLP:conf/icml/1995},
  timestamp     = {Mon, 24 Jun 2019 15:47:45 +0200},
  biburl        = {https://dblp.org/rec/conf/icml/Cohen95.bib},
  bibsource     = {dblp computer science bibliography, https://dblp.org},
  keywords      = {classification, rule}
}
@proceedings{DBLP:conf/icml/1995,
  title         = {Machine Learning, Proceedings of the Twelfth International Conference on Machine Learning, Tahoe City, California, USA, July 9-12, 1995},
  year          = 1995,
  publisher     = {Morgan Kaufmann},
  doi           = {10.1016/c2009-0-27705-1},
  isbn          = {1-55860-377-8},
  url           = {https://doi.org/10.1016/c2009-0-27705-1},
  editor        = {Armand Prieditis and Stuart J. Russell},
  timestamp     = {Mon, 22 Nov 2021 14:45:26 +0100},
  biburl        = {https://dblp.org/rec/conf/icml/1995.bib},
  bibsource     = {dblp computer science bibliography, https://dblp.org}
}
@inproceedings{quinlan1993-2,
  title         = {{FOIL:} {A} Midterm Report},
  author        = {J. Ross Quinlan and R. Mike Cameron{-}Jones},
  year          = 1993,
  booktitle     = {Machine Learning: ECML-93, European Conference on Machine Learning, Vienna, Austria, April 5-7, 1993, Proceedings},
  pages         = {3--20},
  doi           = {10.1007/3-540-56602-3\_124},
  url           = {https://doi.org/10.1007/3-540-56602-3\_124},
  crossref      = {DBLP:conf/ecml/1993},
  timestamp     = {Tue, 14 May 2019 10:00:54 +0200},
  biburl        = {https://dblp.org/rec/conf/ecml/QuinlanC93.bib},
  bibsource     = {dblp computer science bibliography, https://dblp.org},
  keywords      = {classification, rule}
}
@proceedings{DBLP:conf/ecml/1993,
  title         = {Machine Learning: ECML-93, European Conference on Machine Learning, Vienna, Austria, April 5-7, 1993, Proceedings},
  year          = 1993,
  publisher     = {Springer},
  series        = {Lecture Notes in Computer Science},
  volume        = 667,
  doi           = {10.1007/3-540-56602-3},
  isbn          = {3-540-56602-3},
  url           = {https://doi.org/10.1007/3-540-56602-3},
  editor        = {Pavel Brazdil},
  timestamp     = {Mon, 22 Nov 2021 14:46:00 +0100},
  biburl        = {https://dblp.org/rec/conf/ecml/1993.bib},
  bibsource     = {dblp computer science bibliography, https://dblp.org}
}
@article{smyth1992,
  title         = {An Information Theoretic Approach to Rule Induction from Databases},
  author        = {Padhraic Smyth and Rodney M. Goodman},
  year          = 1992,
  journal       = {{IEEE} Trans. Knowl. Data Eng.},
  volume        = 4,
  number        = 4,
  pages         = {301--316},
  doi           = {10.1109/69.149926},
  url           = {https://doi.org/10.1109/69.149926},
  timestamp     = {Tue, 29 Dec 2020 18:17:27 +0100},
  biburl        = {https://dblp.org/rec/journals/tkde/SmythG92.bib},
  bibsource     = {dblp computer science bibliography, https://dblp.org}
}
@inproceedings{yin2003,
  title         = {{CPAR:} Classification based on Predictive Association Rules},
  author        = {Xiaoxin Yin and Jiawei Han},
  year          = 2003,
  booktitle     = {Proceedings of the Third {SIAM} International Conference on Data Mining, San Francisco, CA, USA, May 1-3, 2003},
  pages         = {331--335},
  doi           = {10.1137/1.9781611972733.40},
  url           = {https://doi.org/10.1137/1.9781611972733.40},
  crossref      = {DBLP:conf/sdm/2003},
  timestamp     = {Wed, 14 Nov 2018 10:57:40 +0100},
  biburl        = {https://dblp.org/rec/conf/sdm/YinH03.bib},
  bibsource     = {dblp computer science bibliography, https://dblp.org},
  keywords      = {classification, rule}
}
@proceedings{DBLP:conf/sdm/2003,
  title         = {Proceedings of the Third {SIAM} International Conference on Data Mining, San Francisco, CA, USA, May 1-3, 2003},
  year          = 2003,
  publisher     = {{SIAM}},
  doi           = {10.1137/1.9781611972733},
  isbn          = {978-0-89871-545-3},
  url           = {https://doi.org/10.1137/1.9781611972733},
  editor        = {Daniel Barbar{\'{a}} and Chandrika Kamath},
  timestamp     = {Mon, 22 Nov 2021 14:46:49 +0100},
  biburl        = {https://dblp.org/rec/conf/sdm/2003.bib},
  bibsource     = {dblp computer science bibliography, https://dblp.org}
}
@article{aamodt1994,
  title         = {Case-Based Reasoning: Foundational Issues, Methodological Variations, and System Approaches},
  author        = {Agnar Aamodt and Enric Plaza},
  year          = 1994,
  journal       = {{AI} Commun.},
  volume        = 7,
  number        = 1,
  pages         = {39--59},
  doi           = {10.3233/AIC-1994-7104},
  url           = {https://doi.org/10.3233/AIC-1994-7104},
  timestamp     = {Thu, 18 May 2017 09:54:13 +0200},
  biburl        = {https://dblp.org/rec/journals/aicom/AamodtP94.bib},
  bibsource     = {dblp computer science bibliography, https://dblp.org},
  keywords      = {classification, knn}
}
@article{cover1967,
  title         = {Nearest neighbor pattern classification},
  author        = {Thomas M. Cover and Peter E. Hart},
  year          = 1967,
  journal       = {{IEEE} Trans. Inf. Theory},
  volume        = 13,
  number        = 1,
  pages         = {21--27},
  doi           = {10.1109/TIT.1967.1053964},
  url           = {https://doi.org/10.1109/TIT.1967.1053964},
  timestamp     = {Tue, 10 Mar 2020 10:48:47 +0100},
  biburl        = {https://dblp.org/rec/journals/tit/CoverH67.bib},
  bibsource     = {dblp computer science bibliography, https://dblp.org},
  keywords      = {classification, knn}
}
@book{dasarathy1991,
  title         = {Nearest Neighbor ({NN}) Norms: {NN} Pattern Classification Techniques},
  author        = {Dasarathy, B.V.},
  year          = 1991,
  publisher     = {IEEE Computer Society Press},
  series        = {IEEE Computer Society Press tutorial},
  isbn          = 9780818689307,
  lccn          = 90045250,
  keywords      = {classification, knn}
}
@book{kolodner1993,
  title         = {Case-Based Reasoning},
  author        = {Janet L. Kolodner},
  year          = 1993,
  publisher     = {Morgan Kaufmann},
  doi           = {10.1016/c2009-0-27670-7},
  isbn          = 9781558602373,
  url           = {https://doi.org/10.1016/c2009-0-27670-7},
  timestamp     = {Thu, 25 Jul 2019 17:43:05 +0200},
  biburl        = {https://dblp.org/rec/books/mk/Kolodner93.bib},
  bibsource     = {dblp computer science bibliography, https://dblp.org},
  keywords      = {classification, knn}
}
@inproceedings{veloso2006,
  title         = {Lazy Associative Classification},
  author        = {Adriano Veloso and Wagner Meira Jr. and Mohammed J. Zaki},
  year          = 2006,
  booktitle     = {Proceedings of the 6th {IEEE} International Conference on Data Mining {(ICDM} 2006), 18-22 December 2006, Hong Kong, China},
  pages         = {645--654},
  doi           = {10.1109/ICDM.2006.96},
  url           = {https://doi.org/10.1109/ICDM.2006.96},
  crossref      = {DBLP:conf/icdm/2006},
  timestamp     = {Wed, 16 Oct 2019 14:14:51 +0200},
  biburl        = {https://dblp.org/rec/conf/icdm/VelosoMZ06.bib},
  bibsource     = {dblp computer science bibliography, https://dblp.org},
  keywords      = {classification, knn}
}
@proceedings{DBLP:conf/icdm/2006,
  title         = {Proceedings of the 6th {IEEE} International Conference on Data Mining {(ICDM} 2006), 18-22 December 2006, Hong Kong, China},
  year          = 2006,
  publisher     = {{IEEE} Computer Society},
  isbn          = {0-7695-2701-9},
  url           = {https://ieeexplore.ieee.org/xpl/conhome/4053012/proceeding},
  timestamp     = {Mon, 22 Nov 2021 14:52:12 +0100},
  biburl        = {https://dblp.org/rec/conf/icdm/2006.bib},
  bibsource     = {dblp computer science bibliography, https://dblp.org}
}
@book{dobson2018,
  title         = {An Introduction to Generalized Linear Models.},
  author        = {Dobson, Annette J. and Barnett, Adrian G.},
  year          = 2018,
  publisher     = {Chapmann and Hall/CRC},
  isbn          = 9781138741515,
  keywords      = {classification, bayes}
}
@article{heckerman1995,
  title         = {Learning Bayesian Networks: The Combination of Knowledge and Statistical Data},
  author        = {David Heckerman and Dan Geiger and David Maxwell Chickering},
  year          = 1995,
  journal       = {Mach. Learn.},
  volume        = 20,
  number        = 3,
  pages         = {197--243},
  doi           = {10.1007/BF00994016},
  url           = {https://doi.org/10.1007/BF00994016},
  timestamp     = {Mon, 02 Mar 2020 16:28:58 +0100},
  biburl        = {https://dblp.org/rec/journals/ml/HeckermanGC95.bib},
  bibsource     = {dblp computer science bibliography, https://dblp.org},
  keywords      = {classification, bayes}
}
@article{cooper1992,
  title         = {A Bayesian Method for the Induction of Probabilistic Networks from Data},
  author        = {Gregory F. Cooper and Edward Herskovits},
  year          = 1992,
  journal       = {Mach. Learn.},
  volume        = 9,
  pages         = {309--347},
  doi           = {10.1007/BF00994110},
  url           = {https://doi.org/10.1007/BF00994110},
  timestamp     = {Mon, 02 Mar 2020 16:29:41 +0100},
  biburl        = {https://dblp.org/rec/journals/ml/CooperH92.bib},
  bibsource     = {dblp computer science bibliography, https://dblp.org},
  keywords      = {classification, bayes}
}
@article{carwiche2010,
  title         = {Bayesian networks},
  author        = {Adnan Darwiche},
  year          = 2010,
  journal       = {Commun. {ACM}},
  volume        = 53,
  number        = 12,
  pages         = {80--90},
  doi           = {10.1145/1859204.1859227},
  url           = {https://doi.org/10.1145/1859204.1859227},
  timestamp     = {Tue, 06 Nov 2018 12:51:41 +0100},
  biburl        = {https://dblp.org/rec/journals/cacm/Darwiche10.bib},
  bibsource     = {dblp computer science bibliography, https://dblp.org},
  keywords      = {classification, bayes}
}
@article{dempster1997,
  title         = {Maximum Likelihood from Incomplete Data Via the EM Algorithm},
  author        = {Dempster, A. P. and Laird, N. M. and Rubin, D. B.},
  year          = 1977,
  journal       = {Journal of the Royal Statistical Society: Series B (Methodological)},
  volume        = 39,
  number        = 1,
  pages         = {1--22},
  doi           = {https://doi.org/10.1111/j.2517-6161.1977.tb01600.x},
  url           = {https://rss.onlinelibrary.wiley.com/doi/abs/10.1111/j.2517-6161.1977.tb01600.x},
  keywords      = {classification, bayes}
}
@book{jensen1996,
  title         = {Introduction to Bayesian Networks},
  author        = {Jensen, Finn V.},
  year          = 1996,
  publisher     = {Springer-Verlag},
  address       = {Berlin, Heidelberg},
  isbn          = {0387915028},
  edition       = {1st},
  keywords      = {classification, bayes}
}
@book{koller2009,
  title         = {Probabilistic Graphical Models - Principles and Techniques},
  author        = {Daphne Koller and Nir Friedman},
  year          = 2009,
  publisher     = {{MIT} Press},
  isbn          = {978-0-262-01319-2},
  url           = {http://mitpress.mit.edu/catalog/item/default.asp?ttype=2\&tid=11886},
  timestamp     = {Wed, 09 Feb 2011 09:34:30 +0100},
  biburl        = {https://dblp.org/rec/books/daglib/0023091.bib},
  bibsource     = {dblp computer science bibliography, https://dblp.org},
  keywords      = {classification, bayes}
}
@book{pearl1989,
  title         = {Probabilistic reasoning in intelligent systems - networks of plausible inference},
  author        = {Judea Pearl},
  year          = 1989,
  publisher     = {Morgan Kaufmann},
  series        = {Morgan Kaufmann series in representation and reasoning},
  timestamp     = {Tue, 12 Apr 2011 15:08:30 +0200},
  biburl        = {https://dblp.org/rec/books/daglib/0066829.bib},
  bibsource     = {dblp computer science bibliography, https://dblp.org},
  keywords      = {classification, bayes}
}
@inproceedings{russel1995,
  title         = {Local Learning in Probabilistic Networks with Hidden Variables},
  author        = {Stuart J. Russell and John Binder and Daphne Koller and Keiji Kanazawa},
  year          = 1995,
  booktitle     = {Proceedings of the Fourteenth International Joint Conference on Artificial Intelligence, {IJCAI} 95, Montr{\'{e}}al Qu{\'{e}}bec, Canada, August 20-25 1995, 2 Volumes},
  pages         = {1146--1152},
  url           = {http://ijcai.org/Proceedings/95-2/Papers/017.pdf},
  crossref      = {DBLP:conf/ijcai/1995},
  timestamp     = {Tue, 20 Aug 2019 16:17:30 +0200},
  biburl        = {https://dblp.org/rec/conf/ijcai/RussellBKK95.bib},
  bibsource     = {dblp computer science bibliography, https://dblp.org},
  keywords      = {classification, bayes}
}
@proceedings{DBLP:conf/ijcai/1995,
  title         = {Proceedings of the Fourteenth International Joint Conference on Artificial Intelligence, {IJCAI} 95, Montr{\'{e}}al Qu{\'{e}}bec, Canada, August 20-25 1995, 2 Volumes},
  year          = 1995,
  publisher     = {Morgan Kaufmann},
  url           = {http://ijcai.org/proceedings/1995-1},
  timestamp     = {Mon, 22 Nov 2021 15:07:43 +0100},
  biburl        = {https://dblp.org/rec/conf/ijcai/1995.bib},
  bibsource     = {dblp computer science bibliography, https://dblp.org}
}
@book{vapnik1998,
  title         = {Statistical learning theory},
  author        = {Vladimir Vapnik},
  year          = 1998,
  publisher     = {Wiley},
  isbn          = {978-0-471-03003-4},
  timestamp     = {Thu, 21 Apr 2011 19:59:45 +0200},
  biburl        = {https://dblp.org/rec/books/daglib/0097035.bib},
  bibsource     = {dblp computer science bibliography, https://dblp.org},
  keywords      = {classification, bayes}
}
@book{goldberg1989,
  title         = {Genetic Algorithms in Search Optimization and Machine Learning},
  author        = {David E. Goldberg},
  year          = 1989,
  publisher     = {Addison-Wesley},
  isbn          = {0-201-15767-5},
  timestamp     = {Thu, 03 Jan 2002 11:51:07 +0100},
  biburl        = {https://dblp.org/rec/books/aw/Goldberg89.bib},
  bibsource     = {dblp computer science bibliography, https://dblp.org},
  keywords      = {classification, genetic}
}
@inproceedings{harp1989,
  title         = {Designing Application-Specific Neural Networks Using the Genetic Algorithm},
  author        = {Steven A. Harp and Tariq Samad and Aloke Guha},
  year          = 1989,
  booktitle     = {Advances in Neural Information Processing Systems 2, {[NIPS} Conference, Denver, Colorado, USA, November 27-30, 1989]},
  pages         = {447--454},
  url           = {http://papers.nips.cc/paper/263-designing-application-specific-neural-networks-using-the-genetic-algorithm},
  crossref      = {DBLP:conf/nips/1989},
  timestamp     = {Thu, 21 Jan 2021 15:15:26 +0100},
  biburl        = {https://dblp.org/rec/conf/nips/HarpSG89.bib},
  bibsource     = {dblp computer science bibliography, https://dblp.org},
  keywords      = {classification, genetic}
}
@proceedings{DBLP:conf/nips/1989,
  title         = {Advances in Neural Information Processing Systems 2, {[NIPS} Conference, Denver, Colorado, USA, November 27-30, 1989]},
  year          = 1990,
  publisher     = {Morgan Kaufmann},
  isbn          = {1-55860-100-7},
  url           = {https://proceedings.neurips.cc/paper/1989},
  editor        = {David S. Touretzky},
  timestamp     = {Mon, 22 Nov 2021 15:10:10 +0100},
  biburl        = {https://dblp.org/rec/conf/nips/1989.bib},
  bibsource     = {dblp computer science bibliography, https://dblp.org}
}
@book{michalewicz1996,
  title         = {Genetic Algorithms + Data Structures = Evolution Programs, Third Revised and Extended Edition},
  author        = {Zbigniew Michalewicz},
  year          = 1996,
  publisher     = {Springer},
  doi           = {10.1007/978-3-662-03315-9},
  isbn          = {978-3-540-60676-5},
  url           = {https://doi.org/10.1007/978-3-662-03315-9},
  timestamp     = {Mon, 22 Jul 2019 15:00:49 +0200},
  biburl        = {https://dblp.org/rec/books/daglib/0082827.bib},
  bibsource     = {dblp computer science bibliography, https://dblp.org},
  keywords      = {classification, genetic}
}
@book{mitchell1998,
  title         = {An introduction to genetic algorithms},
  author        = {Melanie Mitchell},
  year          = 1998,
  publisher     = {{MIT} Press},
  isbn          = {978-0-262-63185-3},
  timestamp     = {Fri, 15 Apr 2011 13:37:34 +0200},
  biburl        = {https://dblp.org/rec/books/daglib/0019083.bib},
  bibsource     = {dblp computer science bibliography, https://dblp.org},
  keywords      = {classification, genetic}
}
@book{pawlak1991,
  title         = {Rough sets - theoretical aspects of reasoning about data},
  author        = {Zdzislaw Pawlak},
  year          = 1991,
  publisher     = {Kluwer},
  series        = {Theory and decision library : series {D}},
  volume        = 9,
  doi           = {10.1007/978-94-011-3534-4},
  isbn          = {978-0-7923-1472-1},
  url           = {https://doi.org/10.1007/978-94-011-3534-4},
  timestamp     = {Tue, 23 Jul 2019 12:44:35 +0200},
  biburl        = {https://dblp.org/rec/books/daglib/0079112.bib},
  bibsource     = {dblp computer science bibliography, https://dblp.org},
  keywords      = {classification, genetic}
}
@book{yager1994,
  title         = {Fuzzy sets, neural networks, and soft computing},
  author        = {Ronald R. Yager and Lotfi A. Zadeh},
  year          = 1994,
  publisher     = {Van Nostrand Reinhold},
  isbn          = {978-0-442-01621-0},
  timestamp     = {Fri, 29 Apr 2011 18:24:07 +0200},
  biburl        = {https://dblp.org/rec/books/daglib/0078656.bib},
  bibsource     = {dblp computer science bibliography, https://dblp.org},
  keywords      = {classification, genetic}
}
@book{chapelle2006,
  title         = {Semi-Supervised Learning},
  year          = 2006,
  publisher     = {The {MIT} Press},
  doi           = {10.7551/mitpress/9780262033589.001.0001},
  isbn          = 9780262033589,
  url           = {https://doi.org/10.7551/mitpress/9780262033589.001.0001},
  editor        = {Olivier Chapelle and Bernhard Sch{\"{o}}lkopf and Alexander Zien},
  timestamp     = {Mon, 22 Jul 2019 15:58:13 +0200},
  biburl        = {https://dblp.org/rec/books/mit/06/CSZ2006.bib},
  bibsource     = {dblp computer science bibliography, https://dblp.org},
  keywords      = {classification, multi}
}
@article{dietterich1995,
  title         = {Solving Multiclass Learning Problems via Error-Correcting Output Codes},
  author        = {Thomas G. Dietterich and Ghulum Bakiri},
  year          = 1995,
  journal       = {J. Artif. Intell. Res.},
  volume        = 2,
  pages         = {263--286},
  doi           = {10.1613/jair.105},
  url           = {https://doi.org/10.1613/jair.105},
  timestamp     = {Sun, 02 Jun 2019 21:09:40 +0200},
  biburl        = {https://dblp.org/rec/journals/jair/DietterichB95.bib},
  bibsource     = {dblp computer science bibliography, https://dblp.org},
  keywords      = {classification, multi}
}
@inproceedings{dai2007,
  title         = {Boosting for transfer learning},
  author        = {Wenyuan Dai and Qiang Yang and Gui{-}Rong Xue and Yong Yu},
  year          = 2007,
  booktitle     = {Machine Learning, Proceedings of the Twenty-Fourth International Conference {(ICML} 2007), Corvallis, Oregon, USA, June 20-24, 2007},
  pages         = {193--200},
  doi           = {10.1145/1273496.1273521},
  url           = {https://doi.org/10.1145/1273496.1273521},
  crossref      = {DBLP:conf/icml/2007},
  timestamp     = {Sun, 02 Jun 2019 21:24:18 +0200},
  biburl        = {https://dblp.org/rec/conf/icml/DaiYXY07.bib},
  bibsource     = {dblp computer science bibliography, https://dblp.org},
  keywords      = {classification, multi}
}
@proceedings{DBLP:conf/icml/2007,
  title         = {Machine Learning, Proceedings of the Twenty-Fourth International Conference {(ICML} 2007), Corvallis, Oregon, USA, June 20-24, 2007},
  year          = 2007,
  publisher     = {{ACM}},
  series        = {{ACM} International Conference Proceeding Series},
  volume        = 227,
  isbn          = {978-1-59593-793-3},
  editor        = {Zoubin Ghahramani},
  timestamp     = {Mon, 22 Nov 2021 15:14:21 +0100},
  biburl        = {https://dblp.org/rec/conf/icml/2007.bib},
  bibsource     = {dblp computer science bibliography, https://dblp.org},
  keywords      = {classification, multi}
}
@article{pan2010,
  title         = {A Survey on Transfer Learning},
  author        = {Sinno Jialin Pan and Qiang Yang},
  year          = 2010,
  journal       = {{IEEE} Trans. Knowl. Data Eng.},
  volume        = 22,
  number        = 10,
  pages         = {1345--1359},
  doi           = {10.1109/TKDE.2009.191},
  url           = {https://doi.org/10.1109/TKDE.2009.191},
  timestamp     = {Tue, 22 Aug 2017 13:18:58 +0200},
  biburl        = {https://dblp.org/rec/bib/journals/tkde/PanY10},
  bibsource     = {dblp computer science bibliography, https://dblp.org},
  keywords      = {classification, multi}
}
@book{yang2020,
  title         = {Transfer Learning},
  author        = {Yang, Qiang and Zhang, Yu and Dai, Wenyuan and Pan, Sinno Jialin},
  year          = 2020,
  publisher     = {Cambridge University Press},
  doi           = {10.1017/9781139061773},
  isbn          = {978-1107016903},
  place         = {Cambridge},
  keywords      = {classification, multi}
}
@techreport{settles2009,
  title         = {Active Learning Literature Survey},
  author        = {Settles, Burr},
  year          = 2009,
  month         = 1,
  number        = {TR1648},
  pages         = 47,
  url           = {http://digital.library.wisc.edu/1793/60660},
  institution   = {University of Wisconsin-Madison Department of Computer Sciences},
  keywords      = {classification, multi}
}
@techreport{settles2009-2,
  title         = {Semi-Supervised Learning Literature Survey},
  author        = {Zhu, Xiaojin},
  year          = 2005,
  month         = 9,
  number        = {TR1530},
  pages         = 39,
  url           = {http://digital.library.wisc.edu/1793/60444},
  institution   = {University of Wisconsin-Madison Department of Computer Sciences},
  keywords      = {classification, multi}
}
@article{breiman1996,
  title         = {Bagging Predictors},
  author        = {Leo Breiman},
  year          = 1996,
  journal       = {Mach. Learn.},
  volume        = 24,
  number        = 2,
  pages         = {123--140},
  doi           = {10.1007/BF00058655},
  url           = {https://doi.org/10.1007/BF00058655},
  timestamp     = {Mon, 02 Mar 2020 16:29:58 +0100},
  biburl        = {https://dblp.org/rec/journals/ml/Breiman96b.bib},
  bibsource     = {dblp computer science bibliography, https://dblp.org},
  keywords      = {classification, ensemble}
}
@article{breiman2001,
  title         = {Random Forests},
  author        = {Leo Breiman},
  year          = 2001,
  journal       = {Mach. Learn.},
  volume        = 45,
  number        = 1,
  pages         = {5--32},
  doi           = {10.1023/A:1010933404324},
  url           = {https://doi.org/10.1023/A:1010933404324},
  timestamp     = {Mon, 02 Mar 2020 16:29:57 +0100},
  biburl        = {https://dblp.org/rec/journals/ml/Breiman01.bib},
  bibsource     = {dblp computer science bibliography, https://dblp.org},
  keywords      = {classification, ensemble}
}
@inproceedings{elkman2001,
  title         = {The Foundations of Cost-Sensitive Learning},
  author        = {Charles Elkan},
  year          = 2001,
  booktitle     = {Proceedings of the Seventeenth International Joint Conference on Artificial Intelligence, {IJCAI} 2001, Seattle, Washington, USA, August 4-10, 2001},
  pages         = {973--978},
  crossref      = {DBLP:conf/ijcai/2001},
  timestamp     = {Tue, 20 Aug 2019 16:18:14 +0200},
  biburl        = {https://dblp.org/rec/conf/ijcai/Elkan01.bib},
  bibsource     = {dblp computer science bibliography, https://dblp.org},
  keywords      = {classification, ensemble}
}
@proceedings{DBLP:conf/ijcai/2001,
  title         = {Proceedings of the Seventeenth International Joint Conference on Artificial Intelligence, {IJCAI} 2001, Seattle, Washington, USA, August 4-10, 2001},
  year          = 2001,
  publisher     = {Morgan Kaufmann},
  isbn          = {1-55860-777-3},
  url           = {http://ijcai.org/proceedings/2001-1},
  editor        = {Bernhard Nebel},
  timestamp     = {Mon, 22 Nov 2021 15:47:18 +0100},
  biburl        = {https://dblp.org/rec/conf/ijcai/2001.bib},
  bibsource     = {dblp computer science bibliography, https://dblp.org}
}
@book{efron1993,
  title         = {An Introduction to the Bootstrap},
  author        = {Bradley Efron and Robert Tibshirani},
  year          = 1993,
  publisher     = {Springer},
  doi           = {10.1007/978-1-4899-4541-9},
  isbn          = {978-1-4899-4541-9},
  url           = {https://doi.org/10.1007/978-1-4899-4541-9},
  timestamp     = {Mon, 22 Jul 2019 16:40:55 +0200},
  biburl        = {https://dblp.org/rec/books/sp/EfronT93.bib},
  bibsource     = {dblp computer science bibliography, https://dblp.org},
  keywords      = {classification, ensemble}
}
@article{friedman2008,
  title         = {{Predictive learning via rule ensembles}},
  author        = {Jerome H. Friedman and Bogdan E. Popescu},
  year          = 2008,
  journal       = {The Annals of Applied Statistics},
  publisher     = {Institute of Mathematical Statistics},
  volume        = 2,
  number        = 3,
  pages         = {916 -- 954},
  doi           = {10.1214/07-AOAS148},
  url           = {https://doi.org/10.1214/07-AOAS148},
  keywords      = {classification, ensemble}
}
@article{lim2000,
  title         = {A Comparison of Prediction Accuracy, Complexity, and Training Time of Thirty-Three Old and New Classification Algorithms},
  author        = {Tjen{-}Sien Lim and Wei{-}Yin Loh and Yu{-}Shan Shih},
  year          = 2000,
  journal       = {Mach. Learn.},
  volume        = 40,
  number        = 3,
  pages         = {203--228},
  doi           = {10.1023/A:1007608224229},
  url           = {https://doi.org/10.1023/A:1007608224229},
  timestamp     = {Mon, 02 Mar 2020 16:28:46 +0100},
  biburl        = {https://dblp.org/rec/journals/ml/LimLS00.bib},
  bibsource     = {dblp computer science bibliography, https://dblp.org},
  keywords      = {classification, ensemble}
}
@article{magidson1994,
  title         = {The chaid approach to segmentation modeling: Chi-squared automatic interaction detection},
  author        = {Magidson, Jay},
  year          = 1994,
  journal       = {Advanced methods of marketing research},
  publisher     = {Blackwell, Cambridge, UK},
  pages         = {118--159},
  keywords      = {classification, ensemble}
}
@inproceedings{quinlan1996,
  title         = {Bagging, Boosting, and {C4.5}},
  author        = {J. Ross Quinlan},
  year          = 1996,
  booktitle     = {Proceedings of the Thirteenth National Conference on Artificial Intelligence and Eighth Innovative Applications of Artificial Intelligence Conference, {AAAI} 96, {IAAI} 96, Portland, Oregon, USA, August 4-8, 1996, Volume 1},
  pages         = {725--730},
  url           = {http://www.aaai.org/Library/AAAI/1996/aaai96-108.php},
  crossref      = {DBLP:conf/aaai/1996-1},
  timestamp     = {Tue, 19 Jun 2018 18:21:26 +0200},
  biburl        = {https://dblp.org/rec/conf/aaai/Quinlan96.bib},
  bibsource     = {dblp computer science bibliography, https://dblp.org},
  keywords      = {classification, ensemble}
}
@proceedings{DBLP:conf/aaai/1996-1,
  title         = {Proceedings of the Thirteenth National Conference on Artificial Intelligence and Eighth Innovative Applications of Artificial Intelligence Conference, {AAAI} 96, {IAAI} 96, Portland, Oregon, USA, August 4-8, 1996, Volume 1},
  year          = 1996,
  publisher     = {{AAAI} Press / The {MIT} Press},
  isbn          = {0-262-51091-X},
  url           = {http://www.aaai.org/Conferences/AAAI/aaai96.php},
  editor        = {William J. Clancey and Daniel S. Weld},
  timestamp     = {Mon, 22 Nov 2021 15:50:43 +0100},
  biburl        = {https://dblp.org/rec/conf/aaai/1996-1.bib},
  bibsource     = {dblp computer science bibliography, https://dblp.org}
}
@book{seni2010,
  title         = {Ensemble Methods in Data Mining: Improving Accuracy Through Combining Predictions},
  author        = {Giovanni Seni and John F. Elder IV},
  year          = 2010,
  publisher     = {Morgan {\&} Claypool Publishers},
  series        = {Synthesis Lectures on Data Mining and Knowledge Discovery},
  doi           = {10.2200/S00240ED1V01Y200912DMK002},
  url           = {https://doi.org/10.2200/S00240ED1V01Y200912DMK002},
  timestamp     = {Wed, 14 Nov 2018 10:12:17 +0100},
  biburl        = {https://dblp.org/rec/series/synthesis/2010Seni.bib},
  bibsource     = {dblp computer science bibliography, https://dblp.org},
  keywords      = {classification, ensemble}
}
@article{freund1997,
  title         = {A Decision-Theoretic Generalization of On-Line Learning and an Application to Boosting},
  author        = {Yoav Freund and Robert E. Schapire},
  year          = 1997,
  journal       = {J. Comput. Syst. Sci.},
  volume        = 55,
  number        = 1,
  pages         = {119--139},
  doi           = {10.1006/jcss.1997.1504},
  url           = {https://doi.org/10.1006/jcss.1997.1504},
  timestamp     = {Tue, 16 Feb 2021 14:04:41 +0100},
  biburl        = {https://dblp.org/rec/journals/jcss/FreundS97.bib},
  bibsource     = {dblp computer science bibliography, https://dblp.org},
  keywords      = {classification, ensemble}
}
@inproceedings{freund1996,
  author        = {Yoav Freund and Robert E. Schapire},
  title         = {Experiments with a New Boosting Algorithm},
  year          = 1996,
  booktitle     = {Machine Learning, Proceedings of the Thirteenth International Conference {(ICML} '96), Bari, Italy, July 3-6, 1996},
  pages         = {148--156},
  crossref      = {DBLP:conf/icml/1996},
  timestamp     = {Fri, 23 Dec 2011 14:54:21 +0100},
  biburl        = {https://dblp.org/rec/conf/icml/FreundS96.bib},
  bibsource     = {dblp computer science bibliography, https://dblp.org},
  keywords      = {classification, ensemble}
}
@proceedings{DBLP:conf/icml/1996,
  editor        = {Lorenza Saitta},
  title         = {Machine Learning, Proceedings of the Thirteenth International Conference {(ICML} '96), Bari, Italy, July 3-6, 1996},
  publisher     = {Morgan Kaufmann},
  year          = {1996},
  isbn          = {1-55860-419-7},
  timestamp     = {Mon, 13 Jun 2022 12:55:09 +0200},
  biburl        = {https://dblp.org/rec/conf/icml/1996.bib},
  bibsource     = {dblp computer science bibliography, https://dblp.org}
}
@article{abraham1979,
  title         = {Bayesian analysis of some outlier problems in time series},
  author        = {Abraham, Bovas and Box, George E. P.},
  year          = 1979,
  journal       = {Biometrika},
  publisher     = {Oxford University Press (OUP)},
  volume        = 66,
  number        = 2,
  pages         = {229-–236},
  doi           = {10.1093/biomet/66.2.229},
  issn          = {1464-3510},
  url           = {http://dx.doi.org/10.1093/biomet/66.2.229},
  keywords      = {outlier}
}
@article{agyemang2006,
  title         = {A comprehensive survey of numeric and symbolic outlier mining techniques},
  author        = {Malik Agyemang and Ken Barker and Reda Alhajj},
  year          = 2006,
  journal       = {Intell. Data Anal.},
  volume        = 10,
  number        = 6,
  pages         = {521--538},
  url           = {http://content.iospress.com/articles/intelligent-data-analysis/ida00266},
  timestamp     = {Mon, 24 Aug 2020 15:24:45 +0200},
  biburl        = {https://dblp.org/rec/journals/ida/AgyemangBA06.bib},
  bibsource     = {dblp computer science bibliography, https://dblp.org},
  keywords      = {outlier}
}
@article{anscombe1960,
  title         = {Rejection of Outliers},
  author        = {Anscombe, F. J.},
  year          = 1960,
  month         = 5,
  journal       = {Technometrics},
  publisher     = {Informa UK Limited},
  volume        = 2,
  number        = 2,
  pages         = {123-–146},
  doi           = {10.1080/00401706.1960.10489888},
  issn          = {1537-2723},
  url           = {http://dx.doi.org/10.1080/00401706.1960.10489888},
  keywords      = {outlier}
}
@article{agarwal2007,
  title         = {Detecting anomalies in cross-classified streams: a Bayesian approach},
  author        = {Deepak Agarwal},
  year          = 2007,
  journal       = {Knowl. Inf. Syst.},
  volume        = 11,
  number        = 1,
  pages         = {29--44},
  doi           = {10.1007/s10115-006-0036-4},
  url           = {https://doi.org/10.1007/s10115-006-0036-4},
  timestamp     = {Sun, 28 May 2017 13:24:49 +0200},
  biburl        = {https://dblp.org/rec/journals/kais/Agarwal07.bib},
  bibsource     = {dblp computer science bibliography, https://dblp.org},
  keywords      = {outlier}
}
@article{angiulli2005,
  title         = {Outlier Mining in Large High-Dimensional Data Sets},
  author        = {Fabrizio Angiulli and Clara Pizzuti},
  year          = 2005,
  journal       = {{IEEE} Trans. Knowl. Data Eng.},
  volume        = 17,
  number        = 2,
  pages         = {203--215},
  doi           = {10.1109/TKDE.2005.31},
  url           = {https://doi.org/10.1109/TKDE.2005.31},
  timestamp     = {Thu, 08 Jun 2017 09:04:15 +0200},
  biburl        = {https://dblp.org/rec/journals/tkde/AngiulliP05.bib},
  bibsource     = {dblp computer science bibliography, https://dblp.org},
  keywords      = {outlier}
}
@inproceedings{aggarwal2001,
  title         = {Outlier Detection for High Dimensional Data},
  author        = {Charu C. Aggarwal and Philip S. Yu},
  year          = 2001,
  booktitle     = {Proceedings of the 2001 {ACM} {SIGMOD} international conference on Management of data, Santa Barbara, CA, USA, May 21-24, 2001},
  pages         = {37--46},
  doi           = {10.1145/375663.375668},
  url           = {https://doi.org/10.1145/375663.375668},
  crossref      = {DBLP:conf/sigmod/2001},
  timestamp     = {Fri, 12 Mar 2021 14:14:34 +0100},
  biburl        = {https://dblp.org/rec/conf/sigmod/AggarwalY01.bib},
  bibsource     = {dblp computer science bibliography, https://dblp.org},
  keywords      = {outlier}
}
@proceedings{DBLP:conf/sigmod/2001,
  title         = {Proceedings of the 2001 {ACM} {SIGMOD} international conference on Management of data, Santa Barbara, CA, USA, May 21-24, 2001},
  year          = 2001,
  publisher     = {{ACM}},
  doi           = {10.1145/375663},
  isbn          = {1-58113-332-4},
  url           = {https://doi.org/10.1145/375663},
  editor        = {Sharad Mehrotra and Timos K. Sellis},
  timestamp     = {Fri, 26 Nov 2021 11:08:06 +0100},
  biburl        = {https://dblp.org/rec/conf/sigmod/2001.bib},
  bibsource     = {dblp computer science bibliography, https://dblp.org}
}
@article{beckman1983,
  title         = {Outlier..........s},
  author        = {Beckman, R. J. and Cook, R. D.},
  year          = 1983,
  month         = 5,
  journal       = {Technometrics},
  publisher     = {JSTOR},
  volume        = 25,
  number        = 2,
  pages         = 119,
  doi           = {10.2307/1268541},
  issn          = {0040-1706},
  url           = {http://dx.doi.org/10.2307/1268541},
  keywords      = {outlier}
}
@incollection{ben-bal2010,
  title         = {Outlier Detection},
  author        = {Irad Ben{-}Gal},
  year          = 2010,
  booktitle     = {Data Mining and Knowledge Discovery Handbook, 2nd ed},
  pages         = {117--130},
  doi           = {10.1007/978-0-387-09823-4\_7},
  url           = {https://doi.org/10.1007/978-0-387-09823-4\_7},
  crossref      = {DBLP:reference/dmkdh/2010},
  timestamp     = {Tue, 25 Feb 2020 11:33:46 +0100},
  biburl        = {https://dblp.org/rec/reference/dmkdh/Ben-Gal10.bib},
  bibsource     = {dblp computer science bibliography, https://dblp.org},
  keywords      = {outlier}
}
@book{DBLP:reference/dmkdh/2010,
  title         = {Data Mining and Knowledge Discovery Handbook, 2nd ed},
  year          = 2010,
  publisher     = {Springer},
  isbn          = {978-0-387-09822-7},
  url           = {http://www.springerlink.com/content/978-0-387-09822-7},
  editor        = {Oded Maimon and Lior Rokach},
  timestamp     = {Fri, 26 Nov 2021 11:10:06 +0100},
  biburl        = {https://dblp.org/rec/reference/dmkdh/2010.bib},
  bibsource     = {dblp computer science bibliography, https://dblp.org}
}
@inproceedings{breunig2000,
  title         = {{LOF:} Identifying Density-Based Local Outliers},
  author        = {Markus M. Breunig and Hans{-}Peter Kriegel and Raymond T. Ng and J{\"{o}}rg Sander},
  year          = 2000,
  booktitle     = {Proceedings of the 2000 {ACM} {SIGMOD} International Conference on Management of Data, May 16-18, 2000, Dallas, Texas, {USA}},
  pages         = {93--104},
  doi           = {10.1145/342009.335388},
  url           = {https://doi.org/10.1145/342009.335388},
  crossref      = {DBLP:conf/sigmod/2000},
  timestamp     = {Tue, 01 Jun 2021 15:22:37 +0200},
  biburl        = {https://dblp.org/rec/conf/sigmod/BreunigKNS00.bib},
  bibsource     = {dblp computer science bibliography, https://dblp.org},
  keywords      = {outlier, cluster}
}
@proceedings{DBLP:conf/sigmod/2000,
  title         = {Proceedings of the 2000 {ACM} {SIGMOD} International Conference on Management of Data, May 16-18, 2000, Dallas, Texas, {USA}},
  year          = 2000,
  publisher     = {{ACM}},
  doi           = {10.1145/342009},
  isbn          = {1-58113-217-4},
  url           = {https://doi.org/10.1145/342009},
  editor        = {Weidong Chen and Jeffrey F. Naughton and Philip A. Bernstein},
  timestamp     = {Fri, 26 Nov 2021 11:10:50 +0100},
  biburl        = {https://dblp.org/rec/conf/sigmod/2000.bib},
  bibsource     = {dblp computer science bibliography, https://dblp.org}
}
@inproceedings{barbara2003,
  title         = {Bootstrapping a Data Mining Intrusion Detection System},
  author        = {Daniel Barbar{\'{a}} and Yi Li and Jia{-}Ling Lin and Sushil Jajodia and Julia Couto},
  year          = 2003,
  booktitle     = {Proceedings of the 2003 {ACM} Symposium on Applied Computing (SAC), March 9-12, 2003, Melbourne, FL, {USA}},
  pages         = {421--425},
  doi           = {10.1145/952532.952616},
  url           = {https://doi.org/10.1145/952532.952616},
  crossref      = {DBLP:conf/sac/2003},
  timestamp     = {Fri, 05 Jun 2020 13:52:15 +0200},
  biburl        = {https://dblp.org/rec/conf/sac/BarbaraLLJC03.bib},
  bibsource     = {dblp computer science bibliography, https://dblp.org},
  keywords      = {outlier}
}
@proceedings{DBLP:conf/sac/2003,
  title         = {Proceedings of the 2003 {ACM} Symposium on Applied Computing (SAC), March 9-12, 2003, Melbourne, FL, {USA}},
  year          = 2003,
  publisher     = {{ACM}},
  doi           = {10.1145/952532},
  isbn          = {1-58113-624-2},
  url           = {https://doi.org/10.1145/952532},
  editor        = {Gary B. Lamont and Hisham Haddad and George A. Papadopoulos and Brajendra Panda},
  timestamp     = {Fri, 26 Nov 2021 11:11:14 +0100},
  biburl        = {https://dblp.org/rec/conf/sac/2003.bib},
  bibsource     = {dblp computer science bibliography, https://dblp.org}
}
@article{bakar2006,
  title         = {A Comparative Study for Outlier Detection Techniques in Data Mining},
  author        = {Bakar, Zuriana and Mohemad, Rosmayati and Ahmad, Akbar and Deris, Mustafa},
  year          = 2006,
  month         = 6,
  journal       = {2006 IEEE Conference on Cybernetics and Intelligent Systems},
  publisher     = {IEEE},
  doi           = {10.1109/iccis.2006.252287},
  url           = {http://dx.doi.org/10.1109/iccis.2006.252287},
  keywords      = {outlier}
}
@inproceedings{bay2003,
  title         = {Mining distance-based outliers in near linear time with randomization and a simple pruning rule},
  author        = {Stephen D. Bay and Mark Schwabacher},
  year          = 2003,
  booktitle     = {Proceedings of the Ninth {ACM} {SIGKDD} International Conference on Knowledge Discovery and Data Mining, Washington, DC, USA, August 24 - 27, 2003},
  pages         = {29--38},
  doi           = {10.1145/956750.956758},
  url           = {https://doi.org/10.1145/956750.956758},
  crossref      = {DBLP:conf/kdd/2003},
  timestamp     = {Tue, 06 Nov 2018 16:59:36 +0100},
  biburl        = {https://dblp.org/rec/conf/kdd/BayS03.bib},
  bibsource     = {dblp computer science bibliography, https://dblp.org},
  keywords      = {outlier}
}
@article{barbara2001,
  title         = {Detecting Novel Network Intrusions Using Bayes Estimators},
  author        = {Barbar\'{a}, Daniel and Wu, Ningning and Jajodia, Sushil},
  year          = 2001,
  month         = 4,
  journal       = {Proceedings of the 2001 SIAM International Conference on Data Mining},
  publisher     = {Society for Industrial and Applied Mathematics},
  doi           = {10.1137/1.9781611972719.28},
  url           = {http://dx.doi.org/10.1137/1.9781611972719.28},
  keywords      = {outlier}
}
@article{chandola2009,
  title         = {Anomaly detection: {A} survey},
  author        = {Varun Chandola and Arindam Banerjee and Vipin Kumar},
  year          = 2009,
  journal       = {{ACM} Comput. Surv.},
  volume        = 41,
  number        = 3,
  pages         = {15:1--15:58},
  doi           = {10.1145/1541880.1541882},
  url           = {https://doi.org/10.1145/1541880.1541882},
  timestamp     = {Fri, 29 Jan 2021 11:26:24 +0100},
  biburl        = {https://dblp.org/rec/journals/csur/ChandolaBK09.bib},
  bibsource     = {dblp computer science bibliography, https://dblp.org},
  keywords      = {outlier}
}
@article{chandola2012,
  title         = {Anomaly Detection for Discrete Sequences: {A} Survey},
  author        = {Varun Chandola and Arindam Banerjee and Vipin Kumar},
  year          = 2012,
  journal       = {{IEEE} Trans. Knowl. Data Eng.},
  volume        = 24,
  number        = 5,
  pages         = {823--839},
  doi           = {10.1109/TKDE.2010.235},
  url           = {https://doi.org/10.1109/TKDE.2010.235},
  timestamp     = {Fri, 29 Jan 2021 11:26:23 +0100},
  biburl        = {https://dblp.org/rec/journals/tkde/ChandolaBK12.bib},
  bibsource     = {dblp computer science bibliography, https://dblp.org},
  keywords      = {outlier}
}
@article{dasgupta2002,
  title         = {Anomaly detection in multidimensional data using negative selection algorithm},
  author        = {Dasgupta, D. and Majumdar, N.S.},
  year          = 2002,
  journal       = {Proceedings of the 2002 Congress on Evolutionary Computation. CEC'02 (Cat. No.02TH8600)},
  publisher     = {IEEE},
  doi           = {10.1109/cec.2002.1004386},
  url           = {http://dx.doi.org/10.1109/cec.2002.1004386},
  keywords      = {outlier}
}
@inbook{eskin2002,
  title         = {A Geometric Framework for Unsupervised Anomaly Detection},
  author        = {Eskin, Eleazar and Arnold, Andrew and Prerau, Michael and Portnoy, Leonid and Stolfo, Sal},
  year          = 2002,
  booktitle     = {Applications of Data Mining in Computer Security},
  publisher     = {Springer US},
  address       = {Boston, MA},
  pages         = {77--101},
  doi           = {10.1007/978-1-4615-0953-0\_4},
  isbn          = {978-1-4615-0953-0},
  url           = {https://doi.org/10.1007/978-1-4615-0953-0\_4},
  chapter       = 4,
  keywords      = {outlier}
}
@inproceedings{eskin2000,
  title         = {Anomaly Detection over Noisy Data using Learned Probability Distributions},
  author        = {Eleazar Eskin},
  year          = 2000,
  booktitle     = {Proceedings of the Seventeenth International Conference on Machine Learning {(ICML} 2000), Stanford University, Stanford, CA, USA, June 29 - July 2, 2000},
  pages         = {255--262},
  crossref      = {DBLP:conf/icml/2000},
  timestamp     = {Sun, 21 Feb 2010 20:54:50 +0100},
  biburl        = {https://dblp.org/rec/conf/icml/Eskin00.bib},
  bibsource     = {dblp computer science bibliography, https://dblp.org},
  keywords      = {outlier}
}
@proceedings{DBLP:conf/icml/2000,
  title         = {Proceedings of the Seventeenth International Conference on Machine Learning {(ICML} 2000), Stanford University, Stanford, CA, USA, June 29 - July 2, 2000},
  year          = 2000,
  publisher     = {Morgan Kaufmann},
  isbn          = {1-55860-707-2},
  editor        = {Pat Langley},
  timestamp     = {Fri, 26 Nov 2021 11:23:31 +0100},
  biburl        = {https://dblp.org/rec/conf/icml/2000.bib},
  bibsource     = {dblp computer science bibliography, https://dblp.org}
}
@article{fawcett1997,
  title         = {Adaptive Fraud Detection},
  author        = {Tom Fawcett and Foster J. Provost},
  year          = 1997,
  journal       = {Data Min. Knowl. Discov.},
  volume        = 1,
  number        = 3,
  pages         = {291--316},
  doi           = {10.1023/A:1009700419189},
  url           = {https://doi.org/10.1023/A:1009700419189},
  timestamp     = {Sat, 20 May 2017 00:25:07 +0200},
  biburl        = {https://dblp.org/rec/journals/datamine/FawcettP97.bib},
  bibsource     = {dblp computer science bibliography, https://dblp.org},
  keywords      = {outlier}
}
@article{hodge2004,
  title         = {A Survey of Outlier Detection Methodologies},
  author        = {Victoria J. Hodge and Jim Austin},
  year          = 2004,
  journal       = {Artif. Intell. Rev.},
  volume        = 22,
  number        = 2,
  pages         = {85--126},
  doi           = {10.1023/B:AIRE.0000045502.10941.a9},
  url           = {https://doi.org/10.1023/B:AIRE.0000045502.10941.a9},
  timestamp     = {Wed, 14 Nov 2018 10:30:38 +0100},
  biburl        = {https://dblp.org/rec/journals/air/HodgeA04.bib},
  bibsource     = {dblp computer science bibliography, https://dblp.org},
  keywords      = {outlier}
}
@article{1980,
  title         = {Identification of Outliers},
  author        = {Hawkins, D. M.},
  year          = 1980,
  publisher     = {Springer Netherlands},
  doi           = {10.1007/978-94-015-3994-4},
  isbn          = 9789401539944,
  url           = {http://dx.doi.org/10.1007/978-94-015-3994-4},
  keywords      = {outlier}
}
@article{he2003,
  title         = {Discovering cluster-based local outliers},
  author        = {Zengyou He and Xiaofei Xu and Shengchun Deng},
  year          = 2003,
  journal       = {Pattern Recognit. Lett.},
  volume        = 24,
  number        = {9-10},
  pages         = {1641--1650},
  doi           = {10.1016/S0167-8655(03)00003-5},
  url           = {https://doi.org/10.1016/S0167-8655(03)00003-5},
  timestamp     = {Sat, 22 Feb 2020 19:31:05 +0100},
  biburl        = {https://dblp.org/rec/journals/prl/HeXD03.bib},
  bibsource     = {dblp computer science bibliography, https://dblp.org},
  keywords      = {outlier}
}
@inproceedings{jin2001,
  title         = {Mining top-n local outliers in large databases},
  author        = {Wen Jin and Anthony K. H. Tung and Jiawei Han},
  year          = 2001,
  booktitle     = {Proceedings of the seventh {ACM} {SIGKDD} international conference on Knowledge discovery and data mining, San Francisco, CA, USA, August 26-29, 2001},
  pages         = {293--298},
  doi           = {10.1145/502512.502554},
  url           = {https://doi.org/10.1145/502512.502554},
  crossref      = {DBLP:conf/kdd/2001},
  timestamp     = {Tue, 01 Jun 2021 15:21:34 +0200},
  biburl        = {https://dblp.org/rec/conf/kdd/JinTH01.bib},
  bibsource     = {dblp computer science bibliography, https://dblp.org},
  keywords      = {outlier}
}
@proceedings{DBLP:conf/kdd/2001,
  title         = {Proceedings of the seventh {ACM} {SIGKDD} international conference on Knowledge discovery and data mining, San Francisco, CA, USA, August 26-29, 2001},
  year          = 2001,
  publisher     = {{ACM}},
  doi           = {10.1145/502512},
  isbn          = {1-58113-391-X},
  url           = {https://doi.org/10.1145/502512},
  editor        = {Doheon Lee and Mario Schkolnick and Foster J. Provost and Ramakrishnan Srikant},
  timestamp     = {Fri, 26 Nov 2021 11:26:33 +0100},
  biburl        = {https://dblp.org/rec/conf/kdd/2001.bib},
  bibsource     = {dblp computer science bibliography, https://dblp.org}
}
@inproceedings{jin2006,
  title         = {Ranking Outliers Using Symmetric Neighborhood Relationship},
  author        = {Wen Jin and Anthony K. H. Tung and Jiawei Han and Wei Wang},
  year          = 2006,
  booktitle     = {Advances in Knowledge Discovery and Data Mining, 10th Pacific-Asia Conference, {PAKDD} 2006, Singapore, April 9-12, 2006, Proceedings},
  pages         = {577--593},
  doi           = {10.1007/11731139\_68},
  url           = {https://doi.org/10.1007/11731139\_68},
  crossref      = {DBLP:conf/pakdd/2006},
  timestamp     = {Sun, 25 Oct 2020 23:14:10 +0100},
  biburl        = {https://dblp.org/rec/conf/pakdd/JinTHW06.bib},
  bibsource     = {dblp computer science bibliography, https://dblp.org},
  keywords      = {outlier}
}
@proceedings{DBLP:conf/pakdd/2006,
  title         = {Advances in Knowledge Discovery and Data Mining, 10th Pacific-Asia Conference, {PAKDD} 2006, Singapore, April 9-12, 2006, Proceedings},
  year          = 2006,
  publisher     = {Springer},
  series        = {Lecture Notes in Computer Science},
  volume        = 3918,
  doi           = {10.1007/11731139},
  isbn          = {3-540-33206-5},
  url           = {https://doi.org/10.1007/11731139},
  editor        = {Wee Keong Ng and Masaru Kitsuregawa and Jianzhong Li and Kuiyu Chang},
  timestamp     = {Fri, 26 Nov 2021 11:26:58 +0100},
  biburl        = {https://dblp.org/rec/conf/pakdd/2006.bib},
  bibsource     = {dblp computer science bibliography, https://dblp.org}
}
@inproceedings{knorr1997,
  title         = {A Unified Notion of Outliers: Properties and Computation},
  author        = {Edwin M. Knorr and Raymond T. Ng},
  year          = 1997,
  booktitle     = {Proceedings of the Third International Conference on Knowledge Discovery and Data Mining (KDD-97), Newport Beach, California, USA, August 14-17, 1997},
  pages         = {219--222},
  url           = {http://www.aaai.org/Library/KDD/1997/kdd97-044.php},
  crossref      = {DBLP:conf/kdd/1997},
  timestamp     = {Wed, 12 Dec 2012 15:08:19 +0100},
  biburl        = {https://dblp.org/rec/conf/kdd/KnorrN97.bib},
  bibsource     = {dblp computer science bibliography, https://dblp.org},
  keywords      = {outlier}
}
@proceedings{DBLP:conf/kdd/1997,
  title         = {Proceedings of the Third International Conference on Knowledge Discovery and Data Mining (KDD-97), Newport Beach, California, USA, August 14-17, 1997},
  year          = 1997,
  publisher     = {{AAAI} Press},
  isbn          = {1-57735-027-8},
  url           = {http://www.aaai.org/Library/KDD/kdd97contents.php},
  editor        = {David Heckerman and Heikki Mannila and Daryl Pregibon},
  timestamp     = {Fri, 26 Nov 2021 11:27:33 +0100},
  biburl        = {https://dblp.org/rec/conf/kdd/1997.bib},
  bibsource     = {dblp computer science bibliography, https://dblp.org}
}
@inproceedings{knorr1998,
  title         = {Algorithms for Mining Distance-Based Outliers in Large Datasets},
  author        = {Edwin M. Knorr and Raymond T. Ng},
  year          = 1998,
  booktitle     = {VLDB'98, Proceedings of 24rd International Conference on Very Large Data Bases, August 24-27, 1998, New York City, New York, {USA}},
  pages         = {392--403},
  url           = {http://www.vldb.org/conf/1998/p392.pdf},
  crossref      = {DBLP:conf/vldb/98},
  timestamp     = {Thu, 12 Mar 2020 11:34:02 +0100},
  biburl        = {https://dblp.org/rec/conf/vldb/KnorrN98.bib},
  bibsource     = {dblp computer science bibliography, https://dblp.org},
  keywords      = {outlier, cluster}
}
@article{knorr2000,
  title         = {Distance-Based Outliers: Algorithms and Applications},
  author        = {Edwin M. Knorr and Raymond T. Ng and V. Tucakov},
  year          = 2000,
  journal       = {{VLDB} J.},
  volume        = 8,
  number        = {3-4},
  pages         = {237--253},
  doi           = {10.1007/s007780050006},
  url           = {https://doi.org/10.1007/s007780050006},
  timestamp     = {Wed, 14 Nov 2018 10:27:41 +0100},
  biburl        = {https://dblp.org/rec/journals/vldb/KnorrNT00.bib},
  bibsource     = {dblp computer science bibliography, https://dblp.org},
  keywords      = {outlier}
}
@inproceedings{kriegel2008,
  title         = {Angle-based outlier detection in high-dimensional data},
  author        = {Hans{-}Peter Kriegel and Matthias Schubert and Arthur Zimek},
  year          = 2008,
  booktitle     = {Proceedings of the 14th {ACM} {SIGKDD} International Conference on Knowledge Discovery and Data Mining, Las Vegas, Nevada, USA, August 24-27, 2008},
  pages         = {444--452},
  doi           = {10.1145/1401890.1401946},
  url           = {https://doi.org/10.1145/1401890.1401946},
  crossref      = {DBLP:conf/kdd/2008},
  timestamp     = {Sat, 24 Nov 2018 11:59:20 +0100},
  biburl        = {https://dblp.org/rec/conf/kdd/KriegelSZ08.bib},
  bibsource     = {dblp computer science bibliography, https://dblp.org},
  keywords      = {outlier}
}
@proceedings{DBLP:conf/kdd/2008,
  title         = {Proceedings of the 14th {ACM} {SIGKDD} International Conference on Knowledge Discovery and Data Mining, Las Vegas, Nevada, USA, August 24-27, 2008},
  year          = 2008,
  publisher     = {{ACM}},
  isbn          = {978-1-60558-193-4},
  editor        = {Ying Li and Bing Liu and Sunita Sarawagi},
  timestamp     = {Fri, 26 Nov 2021 11:28:36 +0100},
  biburl        = {https://dblp.org/rec/conf/kdd/2008.bib},
  bibsource     = {dblp computer science bibliography, https://dblp.org}
}
@article{markou2003,
  title         = {Novelty detection: a review - part 1: statistical approaches},
  author        = {Markos Markou and Sameer Singh},
  year          = 2003,
  journal       = {Signal Process.},
  volume        = 83,
  number        = 12,
  pages         = {2481--2497},
  doi           = {10.1016/j.sigpro.2003.07.018},
  url           = {https://doi.org/10.1016/j.sigpro.2003.07.018},
  timestamp     = {Sat, 22 Feb 2020 19:20:48 +0100},
  biburl        = {https://dblp.org/rec/journals/sigpro/MarkouS03.bib},
  bibsource     = {dblp computer science bibliography, https://dblp.org},
  keywords      = {outlier}
}
@article{markou2003a,
  title         = {Novelty detection: a review - part 2: : neural network based approaches},
  author        = {Markos Markou and Sameer Singh},
  year          = 2003,
  journal       = {Signal Process.},
  volume        = 83,
  number        = 12,
  pages         = {2499--2521},
  doi           = {10.1016/j.sigpro.2003.07.019},
  url           = {https://doi.org/10.1016/j.sigpro.2003.07.019},
  timestamp     = {Sat, 22 Feb 2020 19:21:08 +0100},
  biburl        = {https://dblp.org/rec/journals/sigpro/MarkouS03a.bib},
  bibsource     = {dblp computer science bibliography, https://dblp.org},
  keywords      = {outlier}
}
@inproceedings{noble2003,
  title         = {Graph-based anomaly detection},
  author        = {Caleb C. Noble and Diane J. Cook},
  year          = 2003,
  booktitle     = {Proceedings of the Ninth {ACM} {SIGKDD} International Conference on Knowledge Discovery and Data Mining, Washington, DC, USA, August 24 - 27, 2003},
  pages         = {631--636},
  doi           = {10.1145/956750.956831},
  url           = {https://doi.org/10.1145/956750.956831},
  crossref      = {DBLP:conf/kdd/2003},
  timestamp     = {Tue, 06 Nov 2018 16:59:36 +0100},
  biburl        = {https://dblp.org/rec/conf/kdd/NobleC03.bib},
  bibsource     = {dblp computer science bibliography, https://dblp.org},
  keywords      = {outlier}
}
@inproceedings{papadimitriou2003,
  title         = {{LOCI:} Fast Outlier Detection Using the Local Correlation Integral},
  author        = {Spiros Papadimitriou and Hiroyuki Kitagawa and Phillip B. Gibbons and Christos Faloutsos},
  year          = 2003,
  booktitle     = {Proceedings of the 19th International Conference on Data Engineering, March 5-8, 2003, Bangalore, India},
  pages         = {315--326},
  doi           = {10.1109/ICDE.2003.1260802},
  url           = {https://doi.org/10.1109/ICDE.2003.1260802},
  crossref      = {DBLP:conf/icde/2003},
  timestamp     = {Sun, 25 Oct 2020 23:05:33 +0100},
  biburl        = {https://dblp.org/rec/conf/icde/PapadimitriouKGF03.bib},
  bibsource     = {dblp computer science bibliography, https://dblp.org},
  keywords      = {outlier}
}
@proceedings{DBLP:conf/icde/2003,
  title         = {Proceedings of the 19th International Conference on Data Engineering, March 5-8, 2003, Bangalore, India},
  year          = 2003,
  publisher     = {{IEEE} Computer Society},
  isbn          = {0-7803-7665-X},
  url           = {https://ieeexplore.ieee.org/xpl/conhome/8910/proceeding},
  editor        = {Umeshwar Dayal and Krithi Ramamritham and T. M. Vijayaraman},
  timestamp     = {Fri, 26 Nov 2021 11:30:38 +0100},
  biburl        = {https://dblp.org/rec/conf/icde/2003.bib},
  bibsource     = {dblp computer science bibliography, https://dblp.org}
}
@article{patcha2007,
  title         = {An overview of anomaly detection techniques: Existing solutions and latest technological trends},
  author        = {Animesh Patcha and Jung{-}Min Park},
  year          = 2007,
  journal       = {Comput. Networks},
  volume        = 51,
  number        = 12,
  pages         = {3448--3470},
  doi           = {10.1016/j.comnet.2007.02.001},
  url           = {https://doi.org/10.1016/j.comnet.2007.02.001},
  timestamp     = {Wed, 19 Feb 2020 16:35:38 +0100},
  biburl        = {https://dblp.org/rec/journals/cn/PatchaP07.bib},
  bibsource     = {dblp computer science bibliography, https://dblp.org},
  keywords      = {outlier}
}
@article{song2007,
  title         = {Conditional Anomaly Detection},
  author        = {Xiuyao Song and Mingxi Wu and Christopher M. Jermaine and Sanjay Ranka},
  year          = 2007,
  journal       = {{IEEE} Trans. Knowl. Data Eng.},
  volume        = 19,
  number        = 5,
  pages         = {631--645},
  doi           = {10.1109/TKDE.2007.1009},
  url           = {https://doi.org/10.1109/TKDE.2007.1009},
  timestamp     = {Thu, 14 Oct 2021 08:57:09 +0200},
  biburl        = {https://dblp.org/rec/journals/tkde/SongWJR07.bib},
  bibsource     = {dblp computer science bibliography, https://dblp.org},
  keywords      = {outlier}
}
@inproceedings{tao2006,
  title         = {Mining distance-based outliers from large databases in any metric space},
  author        = {Yufei Tao and Xiaokui Xiao and Shuigeng Zhou},
  year          = 2006,
  booktitle     = {Proceedings of the Twelfth {ACM} {SIGKDD} International Conference on Knowledge Discovery and Data Mining, Philadelphia, PA, USA, August 20-23, 2006},
  pages         = {394--403},
  doi           = {10.1145/1150402.1150447},
  url           = {https://doi.org/10.1145/1150402.1150447},
  crossref      = {DBLP:conf/kdd/2006},
  timestamp     = {Tue, 06 Nov 2018 16:59:36 +0100},
  biburl        = {https://dblp.org/rec/conf/kdd/TaoXZ06.bib},
  bibsource     = {dblp computer science bibliography, https://dblp.org},
  keywords      = {outlier}
}
@proceedings{DBLP:conf/kdd/2006,
  title         = {Proceedings of the Twelfth {ACM} {SIGKDD} International Conference on Knowledge Discovery and Data Mining, Philadelphia, PA, USA, August 20-23, 2006},
  year          = 2006,
  publisher     = {{ACM}},
  isbn          = {1-59593-339-5},
  editor        = {Tina Eliassi{-}Rad and Lyle H. Ungar and Mark Craven and Dimitrios Gunopulos},
  timestamp     = {Fri, 26 Nov 2021 11:31:44 +0100},
  biburl        = {https://dblp.org/rec/conf/kdd/2006.bib},
  bibsource     = {dblp computer science bibliography, https://dblp.org}
}
@article{ye2001,
  title         = {An anomaly detection technique based on a chi-square statistic for detecting intrusions into information systems},
  author        = {Ye, Nong and Chen, Qiang},
  year          = 2001,
  journal       = {Quality and Reliability Engineering International},
  publisher     = {Wiley},
  volume        = 17,
  number        = 2,
  pages         = {105-–112},
  doi           = {10.1002/qre.392},
  issn          = {1099-1638},
  url           = {http://dx.doi.org/10.1002/qre.392},
  keywords      = {outlier}
}
@inproceedings{yi2000,
  title         = {Online Data Mining for Co-Evolving Time Sequences},
  author        = {Byoung{-}Kee Yi and Nikolaos D. Sidiropoulos and Theodore Johnson and H. V. Jagadish and Christos Faloutsos and Alexandros Biliris},
  year          = 2000,
  booktitle     = {Proceedings of the 16th International Conference on Data Engineering, San Diego, California, USA, February 28 - March 3, 2000},
  pages         = {13--22},
  doi           = {10.1109/ICDE.2000.839383},
  url           = {https://doi.org/10.1109/ICDE.2000.839383},
  crossref      = {DBLP:conf/icde/2000},
  timestamp     = {Wed, 16 Oct 2019 14:14:56 +0200},
  biburl        = {https://dblp.org/rec/conf/icde/YiSJJFB00.bib},
  bibsource     = {dblp computer science bibliography, https://dblp.org},
  keywords      = {outlier}
}
@proceedings{DBLP:conf/icde/2000,
  title         = {Proceedings of the 16th International Conference on Data Engineering, San Diego, California, USA, February 28 - March 3, 2000},
  year          = 2000,
  publisher     = {{IEEE} Computer Society},
  isbn          = {0-7695-0506-6},
  url           = {https://ieeexplore.ieee.org/xpl/conhome/6778/proceeding},
  editor        = {David B. Lomet and Gerhard Weikum},
  timestamp     = {Fri, 26 Nov 2021 11:35:05 +0100},
  biburl        = {https://dblp.org/rec/conf/icde/2000.bib},
  bibsource     = {dblp computer science bibliography, https://dblp.org}
}
@book{chakrabarti2003,
  title         = {Mining the Web: Analysis of Hypertext and Semi Structured Data},
  author        = {Chakrabarti, Soumen},
  year          = 2002,
  month         = 8,
  publisher     = {Morgan Kaufmann},
  isbn          = 1558607544,
  url           = {http://www.amazon.com/exec/obidos/redirect?tag=citeulike07-20\&path=ASIN/1558607544},
  howpublished  = {Hardcover},
  timestamp     = {2009-08-06T15:16:56.000+0200},
  keywords      = {introduction}
}
@book{fayyad1996,
  title         = {Advances in Knowledge Discovery and Data Mining},
  year          = 1996,
  publisher     = {American Association for Artificial Intelligence},
  address       = {USA},
  isbn          = {0262560976},
  editor        = {Fayyad, Usama M. and Piatetsky-Shapiro, Gregory and Smyth, Padhraic and Uthurusamy, Ramasamy},
  keywords      = {introduction}
}
@book{han2011,
  title         = {Data Mining: Concepts and Techniques},
  author        = {Han, Jiawei and Kamber, Micheline and Pei, Jian},
  year          = 2011,
  publisher     = {Morgan Kaufmann Publishers Inc.},
  address       = {San Francisco, CA, USA},
  isbn          = {0123814790},
  edition       = {3rd},
  keywords      = {introduction}
}
@book{hand2001,
  title         = {Principles of Data Mining},
  author        = {Hand, David J. and Smyth, Padhraic and Mannila, Heikki},
  year          = 2001,
  publisher     = {MIT Press},
  address       = {Cambridge, MA, USA},
  isbn          = {026208290X},
  keywords      = {introduction}
}
@book{liu2009,
  title         = {Web Data Mining: Exploring Hyperlinks, Contents, and Usage Data},
  author        = {Liu, Bing},
  year          = 2009,
  publisher     = {Springer-Verlag},
  address       = {Berlin, Heidelberg},
  isbn          = 3642072372,
  keywords      = {introduction}
}
@book{shapiro1991,
  title         = {Knowledge Discovery in Databases},
  year          = 1991,
  publisher     = {{AAAI/MIT} Press},
  isbn          = {0-262-62080-4},
  editor        = {Gregory Piatetsky{-}Shapiro and William J. Frawley},
  keywords      = {introduction}
}
@book{weiss1998,
  title         = {Predictive data mining: a practical guide},
  year          = 1998,
  publisher     = {Morgan Kaufmann Publishers Inc.},
  isbn          = 1558604030,
  editor        = {Sholom M. Weiss and Nitin Indurkhya},
  keywords      = {introduction}
}
@book{witten2016,
  title         = {Data Mining, Fourth Edition: Practical Machine Learning Tools and Techniques},
  author        = {Witten, Ian H. and Frank, Eibe and Hall, Mark A. and Pal, Christopher J.},
  year          = 2016,
  publisher     = {Morgan Kaufmann Publishers Inc.},
  address       = {San Francisco, CA, USA},
  isbn          = {0128042915},
  edition       = {4th},
  keywords      = {introduction}
}
@article{shearer2000,
  title         = {The CRISP-DM Model: The New Blueprint for Data Mining},
  author        = {Shearer, Colin},
  year          = 2000,
  journal       = {Journal of Data Warehousing},
  volume        = 5,
  number        = 4,
  description   = {KDubiq Blueprint},
  keywords      = {introduction}
}
@article{xie2009,
  title         = {Data Mining for Software Engineering},
  author        = {Xie, Tao and Thummalapenta, Suresh and Lo, David and Liu, Chao},
  year          = 2009,
  journal       = {Computer},
  volume        = 42,
  number        = 8,
  pages         = {55--62},
  doi           = {10.1109/MC.2009.256},
  keywords      = {introduction}
}
@book{hyndman2018,
  title         = {Forecasting: Principles and Practice},
  author        = {Hyndman, Robin John and George Athanasopoulos},
  year          = 2018,
  publisher     = {OTexts},
  edition       = {2nd},
  keywords      = {introduction}
}
@article{ballou1999,
  title         = {Enhancing Data Quality in Data Warehouse Environments},
  author        = {Ballou, Donald P. and Tayi, Giri Kumar},
  year          = 1999,
  month         = 1,
  journal       = {Commun. ACM},
  publisher     = {Association for Computing Machinery},
  address       = {New York, NY, USA},
  volume        = 42,
  number        = 1,
  pages         = {73–78},
  doi           = {10.1145/291469.291471},
  issn          = {0001-0782},
  url           = {https://doi.org/10.1145/291469.291471},
  issue_date    = {Jan. 1999},
  numpages      = 6,
  keywords      = {preprocessing}
}
@article{bruce1996,
  title         = {Wavelet analysis [for signal processing]},
  author        = {Bruce, A. and Donoho, D. and Gao, H.-Y.},
  year          = 1996,
  journal       = {IEEE Spectrum},
  volume        = 33,
  number        = 10,
  pages         = {26--35},
  doi           = {10.1109/6.540087},
  keywords      = {preprocessing}
}
@book{peck2011,
  title         = {Statistics: The Exploration and Analysis of Data},
  author        = {Peck, R. and Devore, J.L.},
  year          = 2011,
  publisher     = {Cengage Learning},
  isbn          = 9781133171744,
  keywords      = {preprocessing}
}
@inproceedings{galhardas2001,
  title         = {Declarative Data Cleaning: Language, Model, and Algorithms},
  author        = {Galhardas, Helena and Florescu, Daniela and Shasha, Dennis and Simon, Eric and Saita, Cristian-Augustin},
  year          = 2001,
  booktitle     = {Proceedings of the 27th International Conference on Very Large Data Bases},
  publisher     = {Morgan Kaufmann Publishers Inc.},
  address       = {San Francisco, CA, USA},
  series        = {VLDB '01},
  pages         = {371–380},
  isbn          = 1558608044,
  numpages      = 10,
  keywords      = {preprocessing}
}
@inproceedings{hua2007,
  title         = {Cleaning disguised missing data: A heuristic approach},
  author        = {Hua, Ming and Pei, Jian},
  year          = 2007,
  month         = {08},
  journal       = {KDD '07},
  pages         = {950--958},
  doi           = {10.1145/1281192.1281294},
  keywords      = {preprocessing}
}
@article{barbara1997,
  title         = {The New Jersey Data Reduction Report},
  author        = {Daniel Barbar{\'{a}} and William DuMouchel and Christos Faloutsos and Peter J. Haas and Joseph M. Hellerstein and Yannis E. Ioannidis and H. V. Jagadish and Theodore Johnson and Raymond T. Ng and Viswanath Poosala and Kenneth A. Ross and Kenneth C. Sevcik},
  year          = 1997,
  journal       = {{IEEE} Data Eng. Bull.},
  volume        = 20,
  number        = 4,
  pages         = {3--45},
  keywords      = {preprocessing}
}
@book{olson2002,
  title         = {Data Quality: The Accuracy Dimension},
  author        = {Olson, Jack},
  year          = 2002,
  month         = 12,
  publisher     = {Morgan Kaufmann Publishers Inc.},
  series        = {The Morgan Kaufmann Series in Data Management Systems},
  pages         = 312,
  isbn          = {1-55860-891-5},
  keywords      = {preprocessing}
}
@inproceedings{raman2001,
  title         = {Potter's Wheel: An Interactive Data Cleaning System},
  author        = {Vijayshankar Raman and Joseph M. Hellerstein},
  year          = 2001,
  booktitle     = {{VLDB} 2001, Proceedings of 27th International Conference on Very Large Data Bases, September 11-14, 2001, Roma, Italy},
  publisher     = {Morgan Kaufmann},
  pages         = {381--390},
  keywords      = {preprocessing}
}
@book{redman2001,
  title         = {Data Quality: The Field Guide},
  author        = {Redman, T.C.},
  year          = 2001,
  publisher     = {Elsevier Science},
  series        = {Data management series},
  isbn          = 9781555582517,
  lccn          = {00047513},
  keywords      = {preprocessing}
}
@article{wang1995,
  title         = {A Framework for Analysis of Data Quality Research},
  author        = {Richard Y. Wang and Veda C. Storey and Christopher P. Firth},
  year          = 1995,
  journal       = {{IEEE} Trans. Knowl. Data Eng.},
  volume        = 7,
  number        = 4,
  pages         = {623--640},
  doi           = {10.1109/69.404034},
  keywords      = {preprocessing}
}
@article{shlens2014,
  title         = {A Tutorial on Principal Component Analysis},
  author        = {Jonathon Shlens},
  year          = 2014,
  journal       = {CoRR},
  volume        = {abs/1404.1100},
  url           = {http://arxiv.org/abs/1404.1100},
  eprinttype    = {arXiv},
  eprint        = {1404.1100},
  keywords      = {preprocessing}
}
@article{agarwal1993,
  title         = {Mining Association Rules between Sets of Items in Large Databases},
  author        = {Agrawal, Rakesh and Imieli\'{n}ski, Tomasz and Swami, Arun},
  year          = 1993,
  month         = 6,
  journal       = {SIGMOD Rec.},
  publisher     = {Association for Computing Machinery},
  address       = {New York, NY, USA},
  volume        = 22,
  number        = 2,
  pages         = {207–216},
  doi           = {10.1145/170036.170072},
  issn          = {0163-5808},
  url           = {https://doi.org/10.1145/170036.170072},
  issue_date    = {June 1, 1993},
  numpages      = 10,
  keywords      = {fpm-basic-concepts}
}
@article{bayardo1998,
  title         = {Efficiently Mining Long Patterns from Databases},
  author        = {Bayardo, Roberto J.},
  year          = 1998,
  month         = 6,
  journal       = {SIGMOD Rec.},
  publisher     = {Association for Computing Machinery},
  address       = {New York, NY, USA},
  volume        = 27,
  number        = 2,
  pages         = {85–93},
  doi           = {10.1145/276305.276313},
  issn          = {0163-5808},
  url           = {https://doi.org/10.1145/276305.276313},
  issue_date    = {June 1998},
  numpages      = 9,
  keywords      = {fpm-basic-concepts}
}
@inproceedings{pasquier1999,
  title         = {Discovering Frequent Closed Itemsets for Association Rules},
  author        = {Pasquier, Nicolas and Bastide, Yves and Taouil, Rafik and Lakhal, Lotfi},
  year          = 1999,
  booktitle     = {Proceedings of the 7th International Conference on Database Theory},
  publisher     = {Springer-Verlag},
  address       = {Berlin, Heidelberg},
  series        = {ICDT '99},
  pages         = {398–416},
  isbn          = 3540654526,
  numpages      = 19,
  keywords      = {fpm-basic-concepts}
}
@inproceedings{agarwal1995,
  title         = {Mining sequential patterns},
  author        = {Agrawal, R. and Srikant, R.},
  year          = 1995,
  booktitle     = {Proceedings of the Eleventh International Conference on Data Engineering},
  pages         = {3--14},
  doi           = {10.1109/ICDE.1995.380415},
  keywords      = {fpm-basic-concepts}
}
@inproceedings{agarwal1994,
  title         = {Fast Algorithms for Mining Association Rules in Large Databases},
  author        = {Agrawal, Rakesh and Srikant, Ramakrishnan},
  year          = 1994,
  booktitle     = {Proceedings of the 20th International Conference on Very Large Data Bases},
  publisher     = {Morgan Kaufmann Publishers Inc.},
  address       = {San Francisco, CA, USA},
  series        = {VLDB '94},
  pages         = {487–499},
  isbn          = 1558601538,
  numpages      = 13,
  keywords      = {fpm-a-priori}
}
@inproceedings{mannila1994,
  title         = {Efficient Algorithms for Discovering Association Rules},
  author        = {Mannila, Heikki and Toivonen, Hannu and Verkamo, A. Inkeri},
  year          = 1994,
  booktitle     = {Proceedings of the 3rd International Conference on Knowledge Discovery and Data Mining},
  location      = {Seattle, WA},
  publisher     = {AAAI Press},
  series        = {AAAIWS'94},
  pages         = {181–192},
  numpages      = 12,
  keywords      = {association rules, algorithms, sampling, covering sets}
}
@inproceedings{savasere1995,
  title         = {An Efficient Algorithm for Mining Association Rules in Large Databases},
  author        = {Savasere, Ashoka and Omiecinski, Edward and Navathe, Shamkant B.},
  year          = 1995,
  booktitle     = {Proceedings of the 21th International Conference on Very Large Data Bases},
  publisher     = {Morgan Kaufmann Publishers Inc.},
  address       = {San Francisco, CA, USA},
  series        = {VLDB '95},
  pages         = {432–444},
  isbn          = 1558603794,
  numpages      = 13,
  keywords      = {fpm-a-priori}
}
@article{park1995,
  title         = {An Effective Hash-Based Algorithm for Mining Association Rules},
  author        = {Park, Jong Soo and Chen, Ming-Syan and Yu, Philip S.},
  year          = 1995,
  month         = 5,
  journal       = {SIGMOD Rec.},
  publisher     = {Association for Computing Machinery},
  address       = {New York, NY, USA},
  volume        = 24,
  number        = 2,
  pages         = {175–186},
  doi           = {10.1145/568271.223813},
  issn          = {0163-5808},
  url           = {https://doi.org/10.1145/568271.223813},
  issue_date    = {May 1995},
  numpages      = 12,
  keywords      = {fpm-a-priori}
}
@inproceedings{toivonen1996,
  title         = {Sampling Large Databases for Association Rules},
  author        = {Toivonen, Hannu},
  year          = 1996,
  booktitle     = {Proceedings of the 22th International Conference on Very Large Data Bases},
  publisher     = {Morgan Kaufmann Publishers Inc.},
  address       = {San Francisco, CA, USA},
  series        = {VLDB '96},
  pages         = {134–145},
  isbn          = 1558603824,
  numpages      = 12,
  keywords      = {fpm-a-priori}
}
@article{brin1997,
  title         = {Dynamic Itemset Counting and Implication Rules for Market Basket Data},
  author        = {Brin, Sergey and Motwani, Rajeev and Ullman, Jeffrey D. and Tsur, Shalom},
  year          = 1997,
  month         = 6,
  journal       = {SIGMOD Rec.},
  publisher     = {Association for Computing Machinery},
  address       = {New York, NY, USA},
  volume        = 26,
  number        = 2,
  pages         = {255–264},
  doi           = {10.1145/253262.253325},
  issn          = {0163-5808},
  url           = {https://doi.org/10.1145/253262.253325},
  issue_date    = {June 1997},
  numpages      = 10,
  keywords      = {fpm-a-priori}
}
@inproceedings{sarawagi1998,
  title         = {Integrating Association Rule Mining with Relational Database Systems: Alternatives and Implications},
  author        = {Sarawagi, Sunita and Thomas, Shiby and Agrawal, Rakesh},
  year          = 1998,
  booktitle     = {Proceedings of the 1998 ACM SIGMOD International Conference on Management of Data},
  location      = {Seattle, Washington, USA},
  publisher     = {Association for Computing Machinery},
  address       = {New York, NY, USA},
  series        = {SIGMOD '98},
  pages         = {343–354},
  doi           = {10.1145/276304.276335},
  isbn          = {0897919955},
  url           = {https://doi.org/10.1145/276304.276335},
  numpages      = 12,
  keywords      = {fpm-a-priori}
}
@article{agarwal2001,
  title         = {A Tree Projection Algorithm for Generation of Frequent Item Sets},
  author        = {Agarwal, Ramesh C. and Aggarwal, Charu C. and Prasad, V.V.V.},
  year          = 2001,
  month         = 3,
  journal       = {J. Parallel Distrib. Comput.},
  publisher     = {Academic Press, Inc.},
  address       = {USA},
  volume        = 61,
  number        = 3,
  pages         = {350–371},
  doi           = {10.1006/jpdc.2000.1693},
  issn          = {0743-7315},
  url           = {https://doi.org/10.1006/jpdc.2000.1693},
  issue_date    = {March 1, 2001},
  numpages      = 22,
  keywords      = {fpm-depth-first}
}
@inproceedings{grahne2003,
  title         = {Efficiently Using Prefix-trees in Mining Frequent Itemsets},
  author        = {G{\"{o}}sta Grahne and Jianfei Zhu},
  year          = 2003,
  booktitle     = {{FIMI} '03, Frequent Itemset Mining Implementations, Proceedings of the {ICDM} 2003 Workshop on Frequent Itemset Mining Implementations, 19 December 2003, Melbourne, Florida, {USA}},
  publisher     = {CEUR-WS.org},
  series        = {{CEUR} Workshop Proceedings},
  volume        = 90,
  url           = {http://ceur-ws.org/Vol-90/grahne.pdf},
  editor        = {Bart Goethals and Mohammed Javeed Zaki},
  keywords      = {fpm-depth-first}
}
@inproceedings{goethals2003,
  title         = {Advances in Frequent Itemset Mining Implementations: Introduction to {FIMI03}},
  author        = {Bart Goethals and Mohammed Javeed Zaki},
  year          = 2003,
  booktitle     = {{FIMI} '03, Frequent Itemset Mining Implementations, Proceedings of the {ICDM} 2003 Workshop on Frequent Itemset Mining Implementations, 19 December 2003, Melbourne, Florida, {USA}},
  publisher     = {CEUR-WS.org},
  series        = {{CEUR} Workshop Proceedings},
  volume        = 90,
  url           = {http://ceur-ws.org/Vol-90/intro.pdf},
  editor        = {Bart Goethals and Mohammed Javeed Zaki},
  keywords      = {fpm-depth-first}
}
@article{han2000,
  title         = {Mining Frequent Patterns without Candidate Generation},
  author        = {Han, Jiawei and Pei, Jian and Yin, Yiwen},
  year          = 2000,
  month         = 5,
  journal       = {SIGMOD Rec.},
  publisher     = {Association for Computing Machinery},
  address       = {New York, NY, USA},
  volume        = 29,
  number        = 2,
  pages         = {1–12},
  doi           = {10.1145/335191.335372},
  issn          = {0163-5808},
  url           = {https://doi.org/10.1145/335191.335372},
  issue_date    = {June 2000},
  numpages      = 12,
  keywords      = {fpm-depth-first}
}
@inproceedings{liu2002,
  title         = {Mining Frequent Item Sets by Opportunistic Projection},
  author        = {Liu, Junqiang and Pan, Yunhe and Wang, Ke and Han, Jiawei},
  year          = 2002,
  booktitle     = {Proceedings of the Eighth ACM SIGKDD International Conference on Knowledge Discovery and Data Mining},
  location      = {Edmonton, Alberta, Canada},
  publisher     = {Association for Computing Machinery},
  address       = {New York, NY, USA},
  series        = {KDD '02},
  pages         = {229–238},
  doi           = {10.1145/775047.775081},
  isbn          = {158113567X},
  url           = {https://doi.org/10.1145/775047.775081},
  numpages      = 10,
  keywords      = {frequent patterns, association rules}
}
@inproceedings{han2002,
  title         = {Mining top-k frequent closed patterns without minimum support},
  author        = {Jiawei Han and Jianyong Wang and Ying Lu and Tzvetkov, P.},
  year          = 2002,
  booktitle     = {2002 IEEE International Conference on Data Mining, 2002. Proceedings.},
  pages         = {211--218},
  doi           = {10.1109/ICDM.2002.1183905},
  keywords      = {fpm-depth-first}
}
@inproceedings{wang2003,
  title         = {{CLOSET+:} searching for the best strategies for mining frequent closed itemsets},
  author        = {Jianyong Wang and Jiawei Han and Jian Pei},
  year          = 2003,
  booktitle     = {Proceedings of the Ninth {ACM} {SIGKDD} International Conference on Knowledge Discovery and Data Mining, Washington, DC, USA, August 24 - 27, 2003},
  publisher     = {{ACM}},
  pages         = {236--245},
  doi           = {10.1145/956750.956779},
  url           = {https://doi.org/10.1145/956750.956779},
  editor        = {Lise Getoor and Ted E. Senator and Pedro M. Domingos and Christos Faloutsos},
  keywords      = {fpm-depth-first}
}
@article{zaki1997,
  title         = {Parallel Algorithms for Discovery of Association Rules},
  author        = {Mohammed Javeed Zaki and Srinivasan Parthasarathy and Mitsunori Ogihara and Wei Li},
  year          = 1997,
  journal       = {Data Min. Knowl. Discov.},
  volume        = 1,
  number        = 4,
  pages         = {343--373},
  doi           = {10.1023/A:1009773317876},
  url           = {https://doi.org/10.1023/A:1009773317876},
  keywords      = {fpm-vertical-format}
}
@inproceedings{zaki2002,
  title         = {CHARM: An Efficient Algorithm for Closed Itemset Mining},
  author        = {Mohammed J. Zaki and Ching-Jui Hsiao},
  year          = 2002,
  booktitle     = {Proceedings of the 2002 SIAM International Conference on Data Mining (SDM)},
  pages         = {457--473},
  doi           = {10.1137/1.9781611972726.27},
  keywords      = {fpm-vertical-format}
}
@inproceedings{bucila2002,
  title         = {DualMiner: a dual-pruning algorithm for itemsets with constraints},
  author        = {Cristian Bucila and Johannes Gehrke and Daniel Kifer and Walker M. White},
  year          = 2002,
  booktitle     = {Proceedings of the Eighth {ACM} {SIGKDD} International Conference on Knowledge Discovery and Data Mining, July 23-26, 2002, Edmonton, Alberta, Canada},
  publisher     = {{ACM}},
  pages         = {42--51},
  doi           = {10.1145/775047.775054},
  url           = {https://doi.org/10.1145/775047.775054},
  keywords      = {fpm-vertical-format}
}
@inproceedings{pan2003,
  title         = {Carpenter: finding closed patterns in long biological datasets},
  author        = {Feng Pan and Gao Cong and Anthony K. H. Tung and Jiong Yang and Mohammed Javeed Zaki},
  year          = 2003,
  booktitle     = {Proceedings of the Ninth {ACM} {SIGKDD} International Conference on Knowledge Discovery and Data Mining, Washington, DC, USA, August 24 - 27, 2003},
  publisher     = {{ACM}},
  pages         = {637--642},
  doi           = {10.1145/956750.956832},
  url           = {https://doi.org/10.1145/956750.956832},
  editor        = {Lise Getoor and Ted E. Senator and Pedro M. Domingos and Christos Faloutsos},
  keywords      = {fpm-vertical-format}
}
@inproceedings{liu2006,
  title         = {Mining Interesting Patterns from Very High Dimensional Data: {A} Top-Down Row Enumeration Approach},
  author        = {Hongyan Liu and Jiawei Han and Dong Xin and Zheng Shao},
  year          = 2006,
  booktitle     = {Proceedings of the Sixth {SIAM} International Conference on Data Mining, April 20-22, 2006, Bethesda, MD, {USA}},
  publisher     = {{SIAM}},
  pages         = {282--293},
  doi           = {10.1137/1.9781611972764.25},
  url           = {https://doi.org/10.1137/1.9781611972764.25},
  editor        = {Joydeep Ghosh and Diane Lambert and David B. Skillicorn and Jaideep Srivastava},
  keywords      = {fpm-vertical-format}
}
@inproceedings{brin1997-2,
  title         = {Beyond Market Baskets: Generalizing Association Rules to Correlations},
  author        = {Sergey Brin and Rajeev Motwani and Craig Silverstein},
  year          = 1997,
  booktitle     = {{SIGMOD} 1997, Proceedings {ACM} {SIGMOD} International Conference on Management of Data, May 13-15, 1997, Tucson, Arizona, {USA}},
  publisher     = {{ACM} Press},
  pages         = {265--276},
  doi           = {10.1145/253260.253327},
  url           = {https://doi.org/10.1145/253260.253327},
  editor        = {Joan Peckham},
  keywords      = {fpm-mining-correlations}
}
@inproceedings{klemettinen1994,
  title         = {Finding Interesting Rules from Large Sets of Discovered Association Rules},
  author        = {Mika Klemettinen and Heikki Mannila and Pirjo Ronkainen and Hannu Toivonen and A. Inkeri Verkamo},
  year          = 1994,
  booktitle     = {Proceedings of the Third International Conference on Information and Knowledge Management (CIKM'94), Gaithersburg, Maryland, USA, November 29 - December 2, 1994},
  publisher     = {{ACM}},
  pages         = {401--407},
  doi           = {10.1145/191246.191314},
  url           = {https://doi.org/10.1145/191246.191314},
  keywords      = {fpm-mining-correlations}
}
@book{hilderman2001,
  title         = {Knowledge Discovery and Measures of Interest},
  author        = {Hilderman, Robert J. and Hamilton, Howard J.},
  year          = 2001,
  publisher     = {Kluwer Academic Publishers},
  address       = {USA},
  isbn          = {0792375076},
  keywords      = {fpm-mining-correlations}
}
@inproceedings{silverstein1998,
  title         = {Scalable Techniques for Mining Causal Structures},
  author        = {Craig Silverstein and Sergey Brin and Rajeev Motwani and Jeffrey D. Ullman},
  year          = 1998,
  booktitle     = {VLDB'98, Proceedings of 24rd International Conference on Very Large Data Bases, August 24-27, 1998, New York City, New York, {USA}},
  publisher     = {Morgan Kaufmann},
  pages         = {594--605},
  url           = {http://www.vldb.org/conf/1998/p594.pdf},
  editor        = {Ashish Gupta and Oded Shmueli and Jennifer Widom},
  keywords      = {fpm-mining-correlations}
}
@inproceedings{tan2002,
  title         = {Selecting the right interestingness measure for association patterns},
  author        = {Pang{-}Ning Tan and Vipin Kumar and Jaideep Srivastava},
  year          = 2002,
  booktitle     = {Proceedings of the Eighth {ACM} {SIGKDD} International Conference on Knowledge Discovery and Data Mining, July 23-26, 2002, Edmonton, Alberta, Canada},
  publisher     = {{ACM}},
  pages         = {32--41},
  doi           = {10.1145/775047.775053},
  url           = {https://doi.org/10.1145/775047.775053},
  keywords      = {fpm-mining-correlations}
}
@article{omiecinski2003,
  title         = {Alternative Interest Measures for Mining Associations in Databases},
  author        = {Edward Omiecinski},
  year          = 2003,
  journal       = {{IEEE} Trans. Knowl. Data Eng.},
  volume        = 15,
  number        = 1,
  pages         = {57--69},
  doi           = {10.1109/TKDE.2003.1161582},
  url           = {https://doi.org/10.1109/TKDE.2003.1161582},
  keywords      = {fpm-mining-correlations}
}
@inproceedings{wu2007,
  title         = {Association Mining in Large Databases: {A} Re-examination of Its Measures},
  author        = {Tianyi Wu and Yuguo Chen and Jiawei Han},
  year          = 2007,
  booktitle     = {Knowledge Discovery in Databases: {PKDD} 2007, 11th European Conference on Principles and Practice of Knowledge Discovery in Databases, Warsaw, Poland, September 17-21, 2007, Proceedings},
  publisher     = {Springer},
  series        = {Lecture Notes in Computer Science},
  volume        = 4702,
  pages         = {621--628},
  doi           = {10.1007/978-3-540-74976-9\_66},
  url           = {https://doi.org/10.1007/978-3-540-74976-9\_66},
  editor        = {Joost N. Kok and Jacek Koronacki and Ram{\'{o}}n L{\'{o}}pez de M{\'{a}}ntaras and Stan Matwin and Dunja Mladenic and Andrzej Skowron},
  keywords      = {fpm-mining-correlations}
}
@article{wu2010,
  title         = {Re-examination of interestingness measures in pattern mining: a unified framework},
  author        = {Tianyi Wu and Yuguo Chen and Jiawei Han},
  year          = 2010,
  journal       = {Data Min. Knowl. Discov.},
  volume        = 21,
  number        = 3,
  pages         = {371--397},
  doi           = {10.1007/s10618-009-0161-2},
  url           = {https://doi.org/10.1007/s10618-009-0161-2},
  keywords      = {fpm-mining-correlations}
}
@inproceedings{agarwal1998,
  title         = {Automatic Subspace Clustering of High Dimensional Data for Data Mining Applications},
  author        = {Rakesh Agrawal and Johannes Gehrke and Dimitrios Gunopulos and Prabhakar Raghavan},
  year          = 1998,
  booktitle     = {{SIGMOD} 1998, Proceedings {ACM} {SIGMOD} International Conference on Management of Data, June 2-4, 1998, Seattle, Washington, {USA}},
  publisher     = {{ACM} Press},
  pages         = {94--105},
  editor        = {Laura M. Haas and Ashutosh Tiwary},
  keywords      = {cluster}
}
@book{anderberg1973,
  title         = {Cluster Analysis for Applications},
  author        = {Anderberg, M.R. and OFFICE OF THE ASSISTANT FOR STUDY SUPPORT KIRTLAND AFB N MEX.},
  year          = 1973,
  publisher     = {Academic Press},
  series        = {Probability and Mathematical Statistics : a series of monographs and textbooks},
  isbn          = 9780120576500,
  lccn          = 72012202,
  keywords      = {cluster}
}
@inproceedings{ankerst1999-2,
  title         = {{OPTICS:} Ordering Points To Identify the Clustering Structure},
  author        = {Mihael Ankerst and Markus M. Breunig and Hans{-}Peter Kriegel and J{\"{o}}rg Sander},
  year          = 1999,
  booktitle     = {{SIGMOD} 1999, Proceedings {ACM} {SIGMOD} International Conference on Management of Data, June 1-3, 1999, Philadelphia, Pennsylvania, {USA}},
  publisher     = {{ACM} Press},
  pages         = {49--60},
  editor        = {Alex Delis and Christos Faloutsos and Shahram Ghandeharizadeh},
  keywords      = {cluster}
}
@inproceedings{banerjee2004,
  title         = {Validating clusters using the Hopkins statistic},
  author        = {Amit Banerjee and Rajesh N. Dav{\'{e}}},
  year          = 2004,
  booktitle     = {{IEEE} International Conference on Fuzzy Systems, {FUZZ-IEEE} 2004, Budapest, Hungary, July 25-29, 2004},
  publisher     = {{IEEE}},
  pages         = {149--153},
  doi           = {10.1109/FUZZY.2004.1375706},
  url           = {https://doi.org/10.1109/FUZZY.2004.1375706},
  keywords      = {cluster}
}
@inproceedings{beil2002,
  title         = {Frequent term-based text clustering},
  author        = {Florian Beil and Martin Ester and Xiaowei Xu},
  year          = 2002,
  booktitle     = {Proceedings of the Eighth {ACM} {SIGKDD} International Conference on Knowledge Discovery and Data Mining, July 23-26, 2002, Edmonton, Alberta, Canada},
  publisher     = {{ACM}},
  pages         = {436--442},
  doi           = {10.1145/775047.775110},
  url           = {https://doi.org/10.1145/775047.775110},
  keywords      = {cluster}
}
@inproceedings{ester1996,
  title         = {A Density-Based Algorithm for Discovering Clusters in Large Spatial Databases with Noise},
  author        = {Martin Ester and Hans{-}Peter Kriegel and J{\"{o}}rg Sander and Xiaowei Xu},
  year          = 1996,
  booktitle     = {Proceedings of the Second International Conference on Knowledge Discovery and Data Mining (KDD-96), Portland, Oregon, {USA}},
  publisher     = {{AAAI} Press},
  pages         = {226--231},
  editor        = {Evangelos Simoudis and Jiawei Han and Usama M. Fayyad},
  keywords      = {cluster}
}
@inproceedings{ester1995,
  title         = {Knowledge Discovery in Large Spatial Databases: Focusing Techniques for Efficient Class Identification},
  author        = {Martin Ester and Hans{-}Peter Kriegel and Xiaowei Xu},
  year          = 1995,
  booktitle     = {Advances in Spatial Databases, 4th International Symposium, SSD'95, Portland, Maine, USA, August 6-9, 1995, Proceedings},
  publisher     = {Springer},
  series        = {Lecture Notes in Computer Science},
  volume        = 951,
  pages         = {67--82},
  editor        = {Max J. Egenhofer and John R. Herring},
  keywords      = {cluster}
}
@article{fisher1987,
  title         = {Knowledge Acquisition via Incremental Conceptual Clustering},
  author        = {Douglas H. Fisher},
  year          = 1987,
  journal       = {Mach. Learn.},
  volume        = 2,
  number        = 2,
  pages         = {139--172},
  doi           = {10.1007/BF00114265},
  url           = {https://doi.org/10.1007/BF00114265},
  keywords      = {cluster}
}
@article{fu2007,
  title         = {FLAME, a novel fuzzy clustering method for the analysis of {DNA} microarray data},
  author        = {Limin Fu and Enzo Medico},
  year          = 2007,
  journal       = {{BMC} Bioinform.},
  volume        = 8,
  doi           = {10.1186/1471-2105-8-3},
  url           = {https://doi.org/10.1186/1471-2105-8-3},
  keywords      = {cluster}
}
@inproceedings{gibson1998,
  title         = {Clustering Categorical Data: An Approach Based on Dynamical Systems},
  author        = {David Gibson and Jon M. Kleinberg and Prabhakar Raghavan},
  year          = 1998,
  booktitle     = {VLDB'98, Proceedings of 24rd International Conference on Very Large Data Bases, August 24-27, 1998, New York City, New York, {USA}},
  publisher     = {Morgan Kaufmann},
  pages         = {311--322},
  url           = {http://www.vldb.org/conf/1998/p311.pdf},
  editor        = {Ashish Gupta and Oded Shmueli and Jennifer Widom},
  keywords      = {cluster}
}
@inproceedings{ganti1999,
  title         = {{CACTUS} - Clustering Categorical Data Using Summaries},
  author        = {Venkatesh Ganti and Johannes Gehrke and Raghu Ramakrishnan},
  year          = 1999,
  booktitle     = {Proceedings of the Fifth {ACM} {SIGKDD} International Conference on Knowledge Discovery and Data Mining, San Diego, CA, USA, August 15-18, 1999},
  publisher     = {{ACM}},
  pages         = {73--83},
  doi           = {10.1145/312129.312201},
  url           = {https://doi.org/10.1145/312129.312201},
  editor        = {Usama M. Fayyad and Surajit Chaudhuri and David Madigan},
  keywords      = {cluster}
}
@inproceedings{guha1998,
  title         = {{CURE:} An Efficient Clustering Algorithm for Large Databases},
  author        = {Sudipto Guha and Rajeev Rastogi and Kyuseok Shim},
  year          = 1998,
  booktitle     = {{SIGMOD} 1998, Proceedings {ACM} {SIGMOD} International Conference on Management of Data, June 2-4, 1998, Seattle, Washington, {USA}},
  publisher     = {{ACM} Press},
  pages         = {73--84},
  doi           = {10.1145/276304.276312},
  url           = {https://doi.org/10.1145/276304.276312},
  editor        = {Laura M. Haas and Ashutosh Tiwary},
  keywords      = {cluster}
}
@inproceedings{guha1999,
  title         = {{ROCK:} {A} Robust Clustering Algorithm for Categorical Attributes},
  author        = {Sudipto Guha and Rajeev Rastogi and Kyuseok Shim},
  year          = 1999,
  booktitle     = {Proceedings of the 15th International Conference on Data Engineering, Sydney, Australia, March 23-26, 1999},
  publisher     = {{IEEE} Computer Society},
  pages         = {512--521},
  doi           = {10.1109/ICDE.1999.754967},
  url           = {https://doi.org/10.1109/ICDE.1999.754967},
  editor        = {Masaru Kitsuregawa and Michael P. Papazoglou and Calton Pu},
  keywords      = {cluster}
}
@inproceedings{hinneburg1998,
  title         = {An Efficient Approach to Clustering in Large Multimedia Databases with Noise},
  author        = {Alexander Hinneburg and Daniel A. Keim},
  year          = 1998,
  booktitle     = {Proceedings of the Fourth International Conference on Knowledge Discovery and Data Mining (KDD-98), New York City, New York, USA, August 27-31, 1998},
  publisher     = {{AAAI} Press},
  pages         = {58--65},
  editor        = {Rakesh Agrawal and Paul E. Stolorz and Gregory Piatetsky{-}Shapiro},
  keywords      = {cluster}
}
@book{jain1988,
  title         = {Algorithms for Clustering Data},
  author        = {Anil K. Jain and Richard C. Dubes},
  year          = 1988,
  publisher     = {Prentice-Hall},
  keywords      = {cluster}
}
@article{karypis1999,
  title         = {Chameleon: Hierarchical Clustering Using Dynamic Modeling},
  author        = {George Karypis and Eui{-}Hong Han and Vipin Kumar},
  year          = 1999,
  journal       = {IEEE Computer},
  volume        = 32,
  number        = 8,
  pages         = {68--75},
  doi           = {10.1109/2.781637},
  url           = {https://doi.org/10.1109/2.781637},
  keywords      = {cluster}
}
@book{mclachlan1988,
  title         = {Mixture models: Inference and applications to clustering},
  author        = {McLachlan, Geoffrey J and Basford, Kaye E},
  year          = 1988,
  publisher     = {M. Dekker New York},
  volume        = 38,
  keywords      = {cluster}
}
@inproceedings{ng1994,
  title         = {Efficient and Effective Clustering Methods for Spatial Data Mining},
  author        = {Raymond T. Ng and Jiawei Han},
  year          = 1994,
  booktitle     = {VLDB'94, Proceedings of 20th International Conference on Very Large Data Bases, September 12-15, 1994, Santiago de Chile, Chile},
  publisher     = {Morgan Kaufmann},
  pages         = {144--155},
  url           = {http://www.vldb.org/conf/1994/P144.PDF},
  editor        = {Jorge B. Bocca and Matthias Jarke and Carlo Zaniolo},
  keywords      = {cluster}
}
@article{parsons2004,
  title         = {Subspace clustering for high dimensional data: a review},
  author        = {Lance Parsons and Ehtesham Haque and Huan Liu},
  year          = 2004,
  journal       = {{SIGKDD} Explor.},
  volume        = 6,
  number        = 1,
  pages         = {90--105},
  doi           = {10.1145/1007730.1007731},
  url           = {https://doi.org/10.1145/1007730.1007731},
  keywords      = {cluster}
}
@inproceedings{schikuta1996,
  title         = {Grid-clustering: an efficient hierarchical clustering method for very large data sets},
  author        = {Erich Schikuta},
  year          = 1996,
  booktitle     = {13th International Conference on Pattern Recognition, {ICPR} 1996, Vienna, Austria, 25-19 August, 1996},
  publisher     = {{IEEE} Computer Society},
  pages         = {101--105},
  doi           = {10.1109/ICPR.1996.546732},
  url           = {https://doi.org/10.1109/ICPR.1996.546732},
  keywords      = {cluster}
}
@inproceedings{sheikholeslami1998,
  title         = {WaveCluster: {A} Multi-Resolution Clustering Approach for Very Large Spatial Databases},
  author        = {Gholamhosein Sheikholeslami and Surojit Chatterjee and Aidong Zhang},
  year          = 1998,
  booktitle     = {VLDB'98, Proceedings of 24rd International Conference on Very Large Data Bases, August 24-27, 1998, New York City, New York, {USA}},
  publisher     = {Morgan Kaufmann},
  pages         = {428--439},
  url           = {http://www.vldb.org/conf/1998/p428.pdf},
  editor        = {Ashish Gupta and Oded Shmueli and Jennifer Widom},
  keywords      = {cluster}
}
@inproceedings{tung2001,
  title         = {Constraint-based clustering in large databases},
  author        = {Anthony K. H. Tung and Raymond T. Ng and Laks V. S. Lakshmanan and Jiawei Han},
  year          = 2001,
  booktitle     = {Database Theory - {ICDT} 2001, 8th International Conference, London, UK, January 4-6, 2001, Proceedings},
  publisher     = {Springer},
  series        = {Lecture Notes in Computer Science},
  volume        = 1973,
  pages         = {405--419},
  doi           = {10.1007/3-540-44503-X\_26},
  url           = {https://doi.org/10.1007/3-540-44503-X\_26},
  editor        = {Jan Van den Bussche and Victor Vianu},
  keywords      = {cluster}
}
@inproceedings{tung2001-2,
  title         = {Spatial Clustering in the Presence of Obstacles},
  author        = {Anthony K. H. Tung and Jean Hou and Jiawei Han},
  year          = 2001,
  booktitle     = {Proceedings of the 17th International Conference on Data Engineering, April 2-6, 2001, Heidelberg, Germany},
  publisher     = {{IEEE} Computer Society},
  pages         = {359--367},
  doi           = {10.1109/ICDE.2001.914848},
  url           = {https://doi.org/10.1109/ICDE.2001.914848},
  editor        = {Dimitrios Georgakopoulos and Alexander Buchmann},
  keywords      = {cluster}
}
@inproceedings{wang2002,
  title         = {Clustering by pattern similarity in large data sets},
  author        = {Haixun Wang and Wei Wang and Jiong Yang and Philip S. Yu},
  year          = 2002,
  booktitle     = {Proceedings of the 2002 {ACM} {SIGMOD} International Conference on Management of Data, Madison, Wisconsin, USA, June 3-6, 2002},
  publisher     = {{ACM}},
  pages         = {394--405},
  doi           = {10.1145/564691.564737},
  url           = {https://doi.org/10.1145/564691.564737},
  editor        = {Michael J. Franklin and Bongki Moon and Anastassia Ailamaki},
  keywords      = {cluster}
}
@inproceedings{wang1997,
  title         = {{STING:} {A} Statistical Information Grid Approach to Spatial Data Mining},
  author        = {Wei Wang and Jiong Yang and Richard R. Muntz},
  year          = 1997,
  booktitle     = {VLDB'97, Proceedings of 23rd International Conference on Very Large Data Bases, August 25-29, 1997, Athens, Greece},
  publisher     = {Morgan Kaufmann},
  pages         = {186--195},
  url           = {http://www.vldb.org/conf/1997/P186.PDF},
  editor        = {Matthias Jarke and Michael J. Carey and Klaus R. Dittrich and Frederick H. Lochovsky and Pericles Loucopoulos and Manfred A. Jeusfeld},
  keywords      = {cluster}
}
@inproceedings{zhang1996,
  title         = {{BIRCH:} An Efficient Data Clustering Method for Very Large Databases},
  author        = {Tian Zhang and Raghu Ramakrishnan and Miron Livny},
  year          = 1996,
  booktitle     = {Proceedings of the 1996 {ACM} {SIGMOD} International Conference on Management of Data, Montreal, Quebec, Canada, June 4-6, 1996},
  publisher     = {{ACM} Press},
  pages         = {103--114},
  editor        = {H. V. Jagadish and Inderpal Singh Mumick},
  keywords      = {cluster}
}
@inproceedings{yin2006,
  title         = {LinkClus: Efficient Clustering via Heterogeneous Semantic Links},
  author        = {Xiaoxin Yin and Jiawei Han and Philip S. Yu},
  year          = 2006,
  booktitle     = {Proceedings of the 32nd International Conference on Very Large Data Bases, Seoul, Korea, September 12-15, 2006},
  publisher     = {{ACM}},
  pages         = {427--438},
  url           = {http://dl.acm.org/citation.cfm?id=1164165},
  editor        = {Umeshwar Dayal and Kyu{-}Young Whang and David B. Lomet and Gustavo Alonso and Guy M. Lohman and Martin L. Kersten and Sang Kyun Cha and Young{-}Kuk Kim},
  keywords      = {cluster}
}
@inproceedings{wijk1993,
  author        = {Jarke J. van Wijk and Robert van Liere},
  title         = {HyperSlice - Visualization of Scalar Functions of Many Variables},
  year          = 1993,
  booktitle     = {4th {IEEE} Visualization Conference, {IEEE} Vis 1993, San Jose, CA, USA, October 25-29, 1993, Proceedings},
  pages         = {119--125},
  doi           = {10.1109/VISUAL.1993.398859},
  url           = {https://doi.org/10.1109/VISUAL.1993.398859},
  crossref      = {DBLP:conf/visualization/1993},
  timestamp     = {Wed, 12 Aug 2020 09:23:06 +0200},
  biburl        = {https://dblp.org/rec/conf/visualization/WijkL93.bib},
  bibsource     = {dblp computer science bibliography, https://dblp.org},
  keywords      = {data}
}
@proceedings{DBLP:conf/visualization/1993,
  editor        = {Gregory M. Nielson and R. Daniel Bergeron},
  title         = {4th {IEEE} Visualization Conference, {IEEE} Vis 1993, San Jose, CA, USA, October 25-29, 1993, Proceedings},
  publisher     = {{IEEE} Computer Society},
  year          = {1993},
  url           = {https://ieeexplore.ieee.org/xpl/conhome/3180/proceeding},
  isbn          = {0-8186-3940-7},
  timestamp     = {Mon, 10 Jan 2022 21:03:52 +0100},
  biburl        = {https://dblp.org/rec/conf/visualization/1993.bib},
  bibsource     = {dblp computer science bibliography, https://dblp.org}
}
@article{furnas1994,
  author        = {Furnas, George W. and Buja, Andreas},
  title         = {Prosection Views: Dimensional Inference through Sections and Projections},
  year          = 1994,
  volume        = 3,
  number        = 4,
  month         = 12,
  pages         = 323,
  issn          = {1061-8600},
  doi           = {10.2307/1390897},
  url           = {http://dx.doi.org/10.2307/1390897},
  journal       = {Journal of Computational and Graphical Statistics},
  publisher     = {JSTOR},
  keywords      = {data}
}
@article{friedman1974,
  author        = {Friedman, J.H. and Tukey, J.W.},
  title         = {A Projection Pursuit Algorithm for Exploratory Data Analysis},
  year          = 1974,
  volume        = {C-23},
  number        = 9,
  month         = 9,
  pages         = {881–890},
  issn          = {0018-9340},
  doi           = {10.1109/t-c.1974.224051},
  url           = {http://dx.doi.org/10.1109/t-c.1974.224051},
  journal       = {IEEE Transactions on Computers},
  publisher     = {Institute of Electrical and Electronics Engineers (IEEE)},
  keywords      = {data}
}
@inproceedings{robertson1991,
  author        = {George G. Robertson and Jock D. Mackinlay and Stuart K. Card},
  title         = {Cone Trees: animated 3D visualizations of hierarchical information},
  year          = 1991,
  booktitle     = {Conference on Human Factors in Computing Systems, {CHI} 1991, New Orleans, LA, USA, April 27 - May 2, 1991, Proceedings},
  pages         = {189--194},
  doi           = {10.1145/108844.108883},
  url           = {https://doi.org/10.1145/108844.108883},
  crossref      = {DBLP:conf/chi/1991},
  timestamp     = {Fri, 12 Mar 2021 15:27:48 +0100},
  biburl        = {https://dblp.org/rec/conf/chi/RobertsonMC91.bib},
  bibsource     = {dblp computer science bibliography, https://dblp.org},
  keywords      = {data}
}
@proceedings{DBLP:conf/chi/1991,
  editor        = {Scott P. Robertson and Gary M. Olson and Judith S. Olson},
  title         = {Conference on Human Factors in Computing Systems, {CHI} 1991, New Orleans, LA, USA, April 27 - May 2, 1991, Proceedings},
  publisher     = {{ACM}},
  year          = {1991},
  url           = {https://doi.org/10.1145/108844},
  doi           = {10.1145/108844},
  isbn          = {0-89791-383-3},
  timestamp     = {Mon, 10 Jan 2022 22:10:47 +0100},
  biburl        = {https://dblp.org/rec/conf/chi/1991.bib},
  bibsource     = {dblp computer science bibliography, https://dblp.org}
}
@book{abedjan2018,
  author        = {Abedjan, Ziawasch and Golab, Lukasz and Naumann, Felix and Papenbrock, Thorsten},
  title         = {Data Profiling},
  year          = 2018,
  volume        = 10,
  number        = 4,
  month         = 11,
  pages         = {1--154},
  issn          = {2153-5426},
  doi           = {10.2200/s00878ed1v01y201810dtm052},
  url           = {http://dx.doi.org/10.2200/s00878ed1v01y201810dtm052},
  journal       = {Synthesis Lectures on Data Management},
  publisher     = {Morgan \& Claypool Publishers LLC},
  keywords      = {data}
}
@inproceedings{macqueen1967,
  author        = {J. Macqueen},
  title         = {Some methods for classification and analysis of multivariate observations},
  booktitle     = {In 5-th Berkeley Symposium on Mathematical Statistics and Probability},
  year          = {1967},
  pages         = {281--297},
  keywords      = {cluster}
}
